3005 4043
1196 378 1738 425 &noemam-effi

839 501 927 543 Vidi
957 505 1133 557 egomet,
1165 499 1243 542 duo
1273 500 1323 542 de
1352 511 1519 543 numero
1551 512 1668 557 quum
1700 512 1869 558 corpora
1898 506 2053 557 nostro,

833 575 985 617 Prensa
1014 584 1131 616 manu
1161 585 1325 632 magna,
1351 575 1481 618 medio
1511 578 1720 632 resupinus
1750 578 1788 618 in
1818 580 1930 619 antro

832 648 1048 703 Frangeret
1076 648 1127 690 ad
1156 658 1314 704 saxum,
1343 651 1534 704 sanieque
1564 660 1757 705 exspersa
1786 653 1967 692 natarent

830 721 997 776 Limina;
1029 721 1108 763 vidi
1141 726 1226 764 atro
1257 733 1376 777 quum
1410 723 1590 765 membra
1619 723 1779 765 fluentia
1809 723 1902 765 tabo

830 795 1053 853 Manderet,
1085 802 1123 838 et
1154 797 1276 852 tepidi
1304 803 1517 840 tremerent
1545 798 1620 840 sub
1654 798 1834 840 dentibus
1864 802 1985 839 artus.

487 872 584 913 Aen.
613 870 683 927 111,
715 871 955 915 623-628.
1013 872 1057 914 In
1088 872 1230 927 quibus
1260 873 1441 916 versibus
1472 873 1661 928 Virgilius
1691 883 1770 915 non
1801 872 1929 915 solum
1960 871 2122 915 Homeri
2154 870 2460 926 descriptionem
2490 878 2562 910 re-

372 946 499 1000 tinuit,
540 945 613 987 sed
643 947 761 986 etiam
790 947 845 987 ita
874 948 984 987 auxit
1013 950 1052 988 et
1080 946 1355 1001 amplificavit,
1394 952 1437 987 ut
1466 948 1525 987 rei
1552 947 1722 988 foeditas
1753 947 1955 1001 aliquanto
1986 947 2036 987 sit
2064 947 2201 986 maior.
2260 945 2324 985 An
2355 948 2415 984 est
2445 943 2563 997 quis-

368 1030 505 1074 quam,
548 1021 611 1061 cui
640 1019 802 1074 „limina
832 1020 944 1061 sanie
975 1017 1211 1072 exspersa“,
1242 1019 1448 1073 „membra
1480 1024 1566 1060 atro
1594 1019 1687 1061 tabo
1717 1019 1921 1074 ssuentia“,
1966 1019 2111 1074 „tepidi
2141 1023 2250 1061 artus
2280 1017 2354 1060 sub
2378 1016 2561 1059 dentibus

367 1097 582 1135 trementes
592 1091 614 1112 “
644 1092 817 1134 taedium
847 1103 926 1134 non
954 1093 1168 1133 moveant?
1198 1092 1328 1133 Maius
1358 1091 1522 1145 saltem,
1553 1102 1671 1144 quam
1701 1092 1869 1145 simplex
1900 1093 2062 1134 Homeri
2092 1092 2316 1145 descriptio.
2375 1092 2562 1132 Attamen

367 1167 546 1220 Heynius
576 1167 600 1209 l.
630 1166 655 1209 l.
686 1166 839 1220 Virgilii
871 1166 1176 1219 descriptionem
1208 1175 1402 1207 excusare
1435 1164 1583 1219 studet,
1615 1164 1721 1218 quod
1750 1165 1819 1206 illa
1851 1166 2020 1219 „faciunt
2050 1166 2165 1207 simul
2195 1166 2400 1208 horrorem
2422 1170 2464 1207 et
2483 1164 2563 1206 ho-

368 1242 512 1284 minum
550 1238 730 1297 (Virgilii
766 1244 897 1282 aetate
933 1237 1171 1294 viventium)
1212 1237 1308 1281 belli
1346 1237 1537 1281 caedibus
1573 1239 1803 1292 rapinisque
1841 1237 2095 1281 adsuetorum
2132 1250 2275 1281 sensus
2310 1239 2435 1292 potuit
2469 1248 2559 1279 esse

367 1314 546 1358 obtusior
576 1315 886 1368 stomachusque
917 1315 1046 1360 minus
1071 1311 1313 1356 fastidiens“.
1358 1313 1458 1356 Mira
1479 1314 1657 1367 profecto
1680 1315 1904 1356 excusatio!
1935 1314 1988 1356 At
2008 1312 2149 1356 eodem
2169 1312 2276 1355 loco:
2310 1309 2563 1367 „Homerus“,

366 1391 510 1444 inquit,
541 1389 688 1445 „multo
718 1390 892 1431 atrocius
922 1388 1190 1443 spectaculum
1221 1392 1261 1430 et
1290 1388 1553 1430 carnificinam
1584 1389 1717 1430 verius
1749 1386 2015 1430 exhibuerat.“
2064 1387 2225 1429 Homeri
2257 1391 2387 1429 autem
2418 1396 2561 1427 versus

370 1469 474 1506 sunt:

855 1530 932 1581 σὺν
962 1535 1010 1580 δὲ
1041 1527 1133 1580 δύω
1163 1528 1362 1593 μάρψας,
1393 1531 1504 1586 ὥςτε
1535 1528 1766 1587 σκύλακας,
1796 1536 1897 1580 ποτὶ
1931 1535 2033 1593 γαίῃ

857 1603 997 1653 κόπτ’·
1030 1608 1077 1653 ἐκ
1105 1603 1387 1666 ὁέγκέφαλος
1415 1603 1606 1664 χαμάδις
1637 1608 1725 1664 ῥέε,
1757 1609 1851 1652 δεῦε
1883 1608 1929 1651 δὲ
1954 1612 2093 1665 γαῖαν.

855 1678 959 1733 τοὺς
988 1682 1036 1726 δὲ
1066 1682 1327 1738 διαμελεϊστὶ
1361 1680 1513 1739 ταμών
1543 1678 1796 1726 ὡπλίσσατο
1828 1676 2007 1741 δόρπον.

486 1757 559 1801 Od.
592 1756 628 1810 ι’,
659 1758 900 1802 289-292,
957 1758 1146 1801 Lectores
1184 1759 1261 1815 ipsi
1292 1758 1521 1817 diiudicent,
1560 1763 1648 1802 uter
1688 1768 1824 1802 eorum
1861 1758 2122 1801 carnificinam
2161 1758 2294 1800 verius
2324 1755 2555 1798 exhibuerit.

365 1834 413 1873 cf.
444 1835 520 1873 hac
551 1834 600 1872 de
631 1844 674 1872 re
706 1835 838 1873 Vossii
870 1833 1047 1888 ‘’Diptbot·
1079 1833 1214 1886 &riefe
1244 1834 1276 1888 1,
1319 1845 1356 1887 p.
1389 1835 1483 1873 230.
1544 1834 1669 1874 Paulo
1706 1840 1798 1888 post
1827 1834 1901 1873 sub
1933 1834 2048 1873 finem
2076 1833 2181 1872 illius
2212 1842 2403 1871 excursus
2432 1831 2552 1869 Euri-

365 1909 515 1959 pidem,
561 1908 668 1959 quod
709 1909 948 1946 horrendum
979 1910 1211 1959 Polyphemi
1247 1910 1518 1959 spectaculum
1550 1910 1751 1962 exhibeat,
1797 1915 1938 1947 natura
1969 1910 2156 1946 dramatis
2187 1908 2347 1956 satyrici
2377 1916 2422 1944 se
2452 1907 2553 1943 tueri

365 1992 486 2034 posse
534 1981 636 2022 dicit.
694 1983 747 2030 At
787 1982 893 2035 apud
934 1982 1161 2034 Euripidem
1203 1992 1268 2022 res
1305 1993 1475 2035 prorsus
1514 1983 1628 2023 aliter
1662 1994 1707 2024 se
1739 1983 1876 2037 habet,
1921 1982 2027 2035 quod
2057 1992 2136 2021 non
2165 1981 2391 2033 simpliciter
2420 1979 2551 2031 refert,

366 2066 470 2108 quae
502 2054 675 2108 Cyclops
706 2056 860 2110 fecerit,
901 2056 974 2098 sed
1005 2068 1094 2098 eum
1126 2057 1366 2109 loquacitate
1398 2056 1568 2110 quadam
1599 2069 1648 2099 ac
1677 2058 1825 2102 laetitia
1856 2061 2117 2110 exponentem
2148 2055 2308 2108 inducit,
2354 2052 2551 2107 quemad-

365 2129 523 2172 modum
554 2129 727 2172 Graecos
766 2131 816 2173 sit
852 2130 1117 2172 trucidaturus
1158 2136 1276 2184 atque
1318 2130 1597 2187 devoraturus,
1637 2132 1676 2174 id
1716 2131 1822 2185 quod
1857 2144 1907 2172 ne
1949 2133 1988 2172 in
2023 2132 2199 2183 satyrica
2229 2129 2362 2171 fabula
2393 2127 2550 2181 quidem

363 2203 525 2256 probari
555 2209 696 2256 potest.
755 2204 798 2244 In
828 2205 1054 2245 universum
1084 2209 1214 2245 autem
1246 2208 1284 2246 in
1316 2208 1430 2259 epica
1460 2208 1573 2259 poesi
1603 2207 1746 2247 multas
1776 2218 1858 2261 res,
1890 2207 2070 2259 quamvis
2101 2206 2178 2246 sint
2206 2203 2401 2245 terribiles
2431 2207 2548 2254 atque

363 2284 520 2319 atroces
549 2278 728 2331 proferre
758 2279 864 2331 licet,
895 2277 1012 2319 modo
1041 2290 1091 2319 ne
1121 2280 1292 2321 lectores
1315 2283 1362 2321 iis
1383 2281 1632 2322 offendantur
1652 2281 1833 2321 taediove
1853 2279 2088 2331 afficiantur,
2121 2280 2224 2319 sicut
2244 2276 2439 2329 Achilles,
2470 2286 2549 2327 ge-

363 2351 644 2391 nerosissimus
676 2355 794 2403 atque
823 2351 1059 2393 fortissimus
1093 2354 1263 2394 omnium
1286 2353 1544 2407 Graecorum,
1575 2355 1642 2406 qui
1664 2358 1799 2395 contra
1822 2354 1979 2394 Troiam
1999 2352 2165 2405 profecti
2187 2355 2294 2404 sunt,
2325 2349 2548 2401 Hectorem,

362 2423 471 2477 quod
501 2423 726 2466 Patroclum
763 2424 838 2466 sibi
875 2427 1156 2468 amicissimum
1188 2426 1391 2480 occiderit,
1435 2426 1596 2469 crudum
1633 2437 1776 2468 vorare
1808 2427 1922 2478 cupit.
1983 2425 2025 2467 Il.
2057 2415 2114 2475 ξ’,
2144 2437 2178 2465 v.
2211 2424 2306 2465 347.
2365 2423 2418 2464 At
2450 2432 2552 2475 spe-

363 2501 535 2540 ctatores
564 2497 725 2541 fabulae
757 2501 943 2542 scenicae
983 2500 1085 2542 tales
1124 2511 1191 2542 res
1225 2500 1361 2542 audire
1392 2505 1458 2543 aut
1487 2505 1669 2553 spectare
1699 2501 1867 2542 fortasse
1899 2498 2067 2542 taedeat.
2128 2498 2318 2540 Homines
2349 2498 2453 2538 enim
2486 2497 2553 2548 iis,

362 2581 465 2625 quae
497 2572 574 2613 iam
607 2571 750 2615 dudum
783 2573 887 2616 facta
917 2577 1024 2629 sunt,
1071 2573 1192 2616 multo
1221 2575 1349 2616 minus
1380 2578 1691 2628 commoventur,
1729 2585 1845 2627 quam
1876 2574 1942 2628 iis,
1983 2583 2083 2626 quae
2115 2576 2181 2614 aut
2210 2573 2249 2613 in
2280 2581 2417 2613 eorum
2449 2581 2553 2613 con—

361 2649 501 2699 spectu
531 2651 700 2699 aguntur
729 2652 797 2689 aut
826 2659 929 2701 quae
959 2649 998 2689 in
1028 2649 1254 2701 praesentia
1283 2649 1350 2702 agi
1379 2653 1525 2702 putant.
1571 2647 1759 2702 Virgilius
1789 2648 1907 2701 igitur
1936 2645 2057 2688 multo
2077 2646 2223 2700 magis,
2256 2656 2374 2699 quam
2395 2643 2553 2687 Home-

361 2731 446 2775 rus,
476 2719 739 2763 carnificinam
773 2721 947 2777 exhibet,
978 2733 1107 2776 neque
1137 2721 1347 2776 Euripides
1376 2727 1515 2764 natura
1547 2721 1733 2764 dramatis
1763 2722 1924 2774 satyrici
1954 2731 1998 2763 se
2029 2721 2129 2763 tueri
2158 2724 2305 2774 potest,
2337 2718 2446 2774 quod
2473 2730 2552 2762 non

360 2793 487 2835 solum
518 2792 734 2848 Cyclopem
765 2797 998 2837 atrociorem
1036 2795 1160 2850 fingit,
1206 2807 1323 2850 quam
1354 2796 1568 2850 Homerus,
1613 2796 1719 2849 quod
1748 2807 1869 2849 supra
1902 2794 2281 2848 demonstravimus,
2329 2793 2402 2837 sed
2434 2796 2551 2836 etiam

360 2867 632 2910 crudelitatem
663 2880 777 2911 suam
810 2881 897 2912 cum
929 2870 1129 2923 voluptate
1158 2869 1328 2922 quadam
1361 2873 1632 2923 exponentem.
