3005 4043
1239 363 1737 407 Marem—ffl-

398 485 559 527 ems.
560 484 634 527 nt
642 479 827 536 pudieus
853 486 1016 539 poeta,
1030 493 1079 526 a
1107 485 1274 529 veritate
1302 493 1445 539 rorum
1466 483 1727 538 decessisset,
1755 485 1812 529 si
1840 483 2040 542 ingenium
2071 487 2192 536 atque
2235 486 2416 524 naturam
2459 481 2584 523 Sileni

396 554 530 597 aliter
537 553 755 610 auxisset,
748 566 820 599 ac
849 556 1109 601 ementem
1107 557 1169 601 de
1186 556 1359 613 Satyris
1384 557 1581 613 sentiendi
1610 561 1698 601 erat
1724 558 1836 598 ratio.
1862 555 1959 602 Ubi
1989 554 2165 609 Silenus,
2193 560 2238 596 ut
2264 564 2429 608 specum
2456 557 2582 609 intret,

395 619 563 671 seeum
584 626 795 684 reliquit,
823 629 982 673 chorus·
1005 629 1244 684 Satyrorum
1277 631 1397 675 solita
1439 630 1675 685 garrulitate
1704 628 1756 673 de
1784 629 1903 672 Troia
1932 632 1975 670 et
2001 627 2157 670 Helena
2185 637 2273 670 cum
2304 627 2423 670 Ulixe
2452 628 2582 677 collo—

366 698 547 754 -ιῐιιίιπ,
594 699 685 750 Quo
713 702 758 746 in
780 702 996 757 colloquio
1003 705 1187 757 quaesita
1215 716 1322 749 cam
1331 702 1594 758 ambiguitate
1613 703 1807 748 Helenam
1829 702 2100 756 perstringunt
2128 699 2300 754 indeque
2329 701 2582 749 occasionem

394 774 434 816 in
463 775 603 818 omues
632 775 819 819 mulieres
848 776 1059 820 invehendi
1087 779 1377 821 nanciscuntur.
1453 778 1632 820 Helenae
1667 776 1827 831 quidem
1861 774 2093 830 Euripides,
2113 774 2199 824 fere
2229 773 2378 828 ubique
2407 774 2582 827 iniquum

393 846 562 892 iudicem
580 858 639 893 ,ae
666 848 849 904 praebet,
879 860 1011 904 neque
1040 850 1169 895 m‘uiae
1186 851 1408 894 ‘mulierum
1437 862 1546 906 osor,
1600 862 1706 906 quae
1732 851 1933 893 sententia
1960 848 2013 892 ab
2042 847 2311 902 Aristophane
2336 847 2514 890 firmatur
2544 851 2583 889 et

393 921 614 977 versibus,
636 922 776 976 quales
803 927 899 967 suut
912 922 1083 980 Hippoi,
1112 923 1197 965 616
1222 935 1293 978 ss„
1321 935 1347 966 a
1375 924 1516 972 maltis
1535 925 1631 966 viris
1662 923 1789 966 doctis
1818 922 2000 966 habetur.
2076 920 2263 964 Ceterum
2294 920 2422 969 verba
2452 921 2581 974 Saty-

392 1006 542 1050 rorum,
571 993 613 1038 id
641 994 757 1049 quod
778 1000 949 1043 naturae
974 1006 1115 1040 eorum
1132 1001 1442 1040 consentaneum
1471 1001 1550 1051 est,
1579 1008 1744 1050 prorsus
1765 998 1879 1039 aliter
1901 996 2100 1051 desinunt,
2130 1006 2180 1037 ac
2200 996 2380 1049 cogitare
2400 998 2580 1048 poteras3

391 1068 580 1112 mulieres
607 1070 710 1110 euim
740 1068 886 1123 nullas,
911 1070 989 1127 nisi
1014 1068 1097 1115 sibi
1124 1070 1242 1124 solis,
1272 1080 1365 1110 esse
1395 1072 1567 1124 cupiunt.
1618 1070 1796 1125 Silenus,
1826 1081 1877 1111 ex
1905 1081 2031 1124 specu
2059 1067 2237 1124 rediens,
2267 1068 2335 1110 ubi
2365 1080 2512 1110 caseos
2542 1075 2581 1110 et

389 1153 541 1197 peoora
570 1144 713 1198 attulit,
728 1154 818 1197 pro
847 1144 992 1199 quibus
1020 1146 1162 1188 iterum
1191 1147 1324 1187 viuum
1352 1145 1543 1198 postulat,
1572 1144 1614 1187 id
1643 1144 1819 1186 Graecos
1848 1145 2047 1197 admouet,
2075 1150 2118 1185 ut
2146 1145 2215 1184 illa
2244 1155 2380 1185 secum
2410 1149 2579 1197 agentes

388 1214 500 1258 abire
529 1219 735 1260 maturent.
776 1214 854 1259 Ubi
883 1215 988 1260 haec
1016 1215 1124 1260 dien
1150 1220 1256 1276 sunt,
1289 1215 1465 1270 Cyclops
1493 1217 1633 1270 procul
1663 1216 1831 1269 accedit3
1861 1228 1979 1269 quem
2009 1228 2129 1269 quum
2151 1216 2291 1258 Ulixes
2313 1218 2577 1270 conspexerit,

387 1302 537 1341 pavore
559 1290 771 1341 perculsus
800 1291 964 1342 indigno
993 1276 1078 1332 fere
1107 1291 1226 1333 modo
1255 1291 1457 1343 trepidat·
1494 1291 1651 1333 Clamat
1679 1293 1782 1331 enim

793 1357 853 1403 οἵ·
868 1378 970 1414 uon,
991 1357 1195 1418 Κύκλωψ
1223 1356 1288 1404 ὅδ’
1319 1360 1492 1417 ἔρχεται
1509 1379 1519 1388 ·
1536 1361 1582 1405 τί
1611 1362 1852 1417 δρασομενς

437 1469 440 1476 ,
482 1474 484 1476 ,
791 1427 1081 1489 ἀπολώλαμεν
1111 1431 1206 1493 γὰρ,
1235 1427 1273 1477 ὦ
1302 1421 1440 1493 ἀέρων·
1470 1438 1549 1479 ποῖ
1578 1429 1659 1492 χρὴ
1691 1436 1863 1490 φυγεῖν;

385 1523 421 1551 v.
457 1510 536 1556 193
569 1516 608 1552 et
641 1497 735 1553 194.
813 1509 893 1554 Sed
924 1510 990 1554 ubi
1019 1513 1185 1566 primum
1215 1511 1375 1554 Silenus
1407 1512 1703 1566 receptaculum
1741 1514 1776 1554 ei
1816 1510 2003 1565 ostendit,
2054 1510 2257 1564 extemplo
2302 1521 2467 1564 prorsus
2498 1509 2577 1551 alio

386 1588 447 1624 est
475 1584 618 1625 animo.
678 1584 905 1637 Respondet
935 1586 1037 1627 euim
1069 1585 1221 1627 Sileno:

786 1654 827 1699 εἰ
855 1659 1009 1699 θανεῖν
1039 1657 1119 1707 δεῖ,
1147 1651 1476 1712 κατθανούμεθ’
1507 1651 1698 1713 εὐγενῶς,

786 1723 812 1784 ἢ
844 1729 1005 1781 ζῶντες
1061 1723 1183 1773 αἶνον
1212 1726 1287 1774 τὸν
1315 1724 1455 1786 πάρος
1485 1724 1573 1787 γἐὖ
1602 1725 1814 1785 σώσομεν.

384 1802 428 1844 Si
457 1802 553 1855 quid
581 1802 716 1844 iudicii
745 1805 785 1845 in
813 1814 878 1845 me
908 1810 987 1858 est,
1016 1805 1119 1848 haec
1147 1806 1253 1848 male
1282 1812 1375 1849 sunt
1403 1802 1563 1849 inventa
1591 1812 1712 1860 atque
1742 1811 1907 1848 naturae
1927 1807 2124 1847 humanae
2153 1809 2388 1857 repugnant.
2429 1803 2573 1856 Neque

383 1876 487 1920 enim
518 1874 651 1933 credo,
680 1874 848 1919 eundem
879 1876 1076 1921 hominem
1105 1881 1285 1934 tempore
1316 1878 1402 1922 fere
1430 1878 1572 1922 eodem
1602 1883 1642 1922 et
1671 1878 1846 1922 demisso
1877 1881 1916 1920 et
1945 1878 2049 1920 elato
2079 1888 2172 1920 esse
2202 1877 2343 1919 animo.
2418 1874 2572 1925 Quam-

383 1959 503 2003 quam
531 1947 571 1991 id
601 1953 774 2005 constat,
820 1950 1001 1994 homines
1030 1952 1171 2008 forteS,
1218 1954 1285 2007 qui
1314 1951 1446 1996 subita
1490 1953 1625 2008 aliqua
1667 1964 1711 1995 re
1748 1952 1947 2007 perterriti
1991 1952 2195 2006 pristinam
2231 1950 2458 2005 dignitatem
2489 1950 2573 1992 fere

382 2023 600 2086 amiserint,
632 2022 851 2067 deliberata
880 2035 1011 2067 rerum
1042 2024 1264 2069 conditione
1296 2028 1468 2069 animum
1498 2026 1688 2081 colligere
1719 2031 1837 2080 atque
1868 2026 2009 2068 iterum
2039 2025 2101 2067 sui
2133 2024 2282 2067 similes
2312 2023 2496 2067 evadere.

495 2096 584 2139 Jam
615 2107 715 2139 vero
746 2096 938 2153 CyclopS‚
969 2099 1173 2142 tumultum
1190 2100 1423 2153 Satyrorum
1454 2104 1546 2142 ante
1576 2110 1740 2154 specum
1770 2110 1887 2142 suum
1917 2098 2144 2141 saltantium
2174 2100 2355 2153 miratus,
2385 2099 2575 2141 attonitos

382 2169 431 2212 de
460 2169 582 2213 rebus
615 2170 838 2214 domesticis
868 2173 1086 2225 interrogat
1114 2175 1383 2229 maximeque,
1413 2185 1506 2217 num
1535 2174 1748 2228 pecoribus
1777 2175 1827 2216 sit
1857 2173 2079 2216 consultum
2109 2177 2149 2215 et
2177 2173 2346 2226 prandio
2381 2173 2575 2227 laetique·²

382 2243 526 2297 quibus
557 2244 739 2287 omnibus
769 2246 916 2299 optime
946 2247 1148 2299 provisum
1179 2257 1272 2290 esse
1301 2247 1496 2290 affirmant
1530 2251 1709 2302 orantes,
1755 2258 1803 2289 ue
1833 2257 1878 2289 se
1910 2246 2087 2289 devoret.
2167 2245 2232 2289 Ad
2261 2257 2364 2300 quae
2396 2245 2571 2299 Cyclops
2614 2271 2618 2275 -

381 2316 618 2370 respondet,
648 2318 807 2359 minime
836 2318 877 2361 id
906 2330 951 2360 se
981 2330 1074 2361 esse
1094 2319 1305 2375 facturum,
1337 2332 1456 2374 quum
1488 2320 1669 2363 saltando
1699 2321 1738 2362 in
1768 2324 1905 2361 ventre
1935 2331 1981 2361 se
2012 2321 2190 2362 enecturi
2220 2321 2309 2362 sint.
2354 2318 2429 2369 Qui
2458 2321 2572 2362 iocus

380 2388 547 2443 frigidus
578 2395 618 2431 et
648 2392 865 2434 arcessitus
896 2403 1025 2446 neque
1056 2391 1231 2435 moribus
1279 2392 1399 2434 trucis
1438 2391 1602 2432 monstri
1638 2393 1931 2432 consentaneus
1963 2399 2056 2431 esse
2087 2388 2253 2431 videtur.
2332 2388 2408 2432 Ubi
2437 2393 2571 2431 autem

384 2463 562 2517 Cyclops
593 2475 691 2506 oves
722 2469 812 2507 ante
842 2476 1006 2518 specum
1035 2464 1228 2508 salicibus
1257 2466 1409 2507 iunctas
1440 2468 1558 2517 atque
1595 2463 1732 2505 alveos
1771 2473 1979 2505 caseorum
2016 2474 2064 2504 ac
2100 2462 2226 2504 Sileni
2253 2475 2310 2505 os
2336 2462 2573 2504 verberibus

380 2547 406 2578 a
434 2536 706 2589 praedonibus
735 2539 906 2592 iniectis,
935 2544 977 2580 ut
1005 2543 1132 2593 putat,
1161 2549 1206 2580 re
1235 2549 1331 2579 vera
1359 2538 1449 2578 vino
1465 2541 1618 2578 tumens
1647 2535 1758 2589 vidit,
1788 2536 1852 2577 hic
1880 2535 2064 2589 affirmat,
2095 2546 2140 2576 se
2161 2547 2229 2577 res
2252 2537 2341 2578 eius
2361 2548 2387 2577 a
2405 2536 2570 2578 Graecis

380 2608 655 2653 defendentem
686 2610 937 2653 verberatum
968 2622 1072 2660 esse.
1131 2612 1220 2653 Hoc
1248 2610 1425 2666 perbene
1454 2609 1585 2652 fictum
1616 2614 1677 2651 est
1705 2615 1825 2664 atque
1857 2619 1906 2649 ex
1936 2613 2069 2649 mente
2100 2607 2361 2663 Graecorum,
2400 2610 2467 2663 qui
2498 2608 2567 2651 Si—

377 2684 508 2726 lenum
539 2683 787 2739 Satyrosque
831 2696 911 2727 non
950 2686 1077 2727 solum
1106 2685 1289 2739 bibaces,
1329 2684 1403 2726 sed
1431 2687 1547 2726 etiam
1579 2686 1747 2738 ignavos
1777 2689 1897 2737 atque
1927 2681 2141 2723 mendaces
2172 2684 2392 2736 cogitarim„
2427 2682 2570 2739 Neque

378 2759 506 2798 minus
536 2756 577 2798 id
606 2757 709 2799 bene
741 2760 939 2800 inventum
969 2764 1045 2813 est,
1075 2759 1196 2812 paulo
1225 2764 1319 2811 post
1338 2758 1507 2810 Satyros
1523 2759 1651 2810 ipsum
1679 2762 1832 2810 patrem
1852 2755 2047 2798 mendacii
2077 2766 2308 2809 coarguere.
2338 2769 2374 2798 v.
2406 2757 2493 2798 270
2513 2768 2571 2799 ss.

379 2830 552 2883 Cyclops
581 2832 669 2883 ipse
699 2832 883 2886 miratur,
923 2831 1099 2875 Graecos
1129 2843 1225 2874 suas
1254 2842 1321 2873 res
1350 2841 1494 2884 rapere
1525 2835 1690 2872 conatos
1722 2840 1838 2883 esse,
1884 2839 2110 2882 quanquam
2141 2833 2180 2870 et
2211 2828 2310 2871 deus
2342 2831 2393 2871 sit
2421 2834 2461 2872 et
2492 2829 2568 2872 deo

378 2909 505 2956 ortus3
536 2914 640 2955 quae
671 2915 794 2946 causa
824 2906 968 2946 rationi
998 2906 1084 2947 eius
1116 2905 1165 2947 de
1196 2904 1271 2946 diis
1299 2904 1495 2947 sentiendi
1524 2905 1681 2945 minime
1710 2908 1772 2945 est
1801 2903 2055 2945 couveniens,
2104 2903 2152 2945 cf.
2184 2916 2219 2944 v.
2251 2903 2335 2945 316
2366 2915 2420 2946 ss.
2481 2904 2567 2945 Hac

378 2987 535 3029 quoque
564 2977 604 3017 in
633 2987 676 3017 re
707 2973 883 3029 Cyclops
914 2976 1020 3029 apud
1040 2977 1256 3019 Homerum
1285 2978 1420 3019 verius
1450 2980 1570 3029 atque
1599 2976 1818 3029 simplicius
1848 2978 1951 3030 agit,
1981 2977 2050 3028 qui
2078 2987 2280 3028 nunquam
2309 2976 2501 3029 glorietur
2519 2987 2562 3017 se

378 3047 442 3090 dei
471 3047 591 3091 filium
624 3059 735 3102 esse,
765 3048 838 3091 sed
866 3048 1101 3092 immanibus
1130 3048 1282 3092 viribus
1311 3049 1440 3092 solum
1471 3049 1595 3092 fretus
1626 3048 1725 3091 deos
1756 3053 1876 3103 atque
1907 3049 2089 3092 homines
2118 3053 2356 3091 contemnat.
2411 3047 2566 3090 Deinde

376 3119 552 3176 SilenuS,
582 3120 622 3165 id
651 3133 731 3165 non
760 3133 923 3178 curans,
954 3122 1040 3165 sore
1070 3126 1112 3165 ut
1141 3123 1412 3166 commenticia
1448 3124 1676 3166 narratione
1706 3135 1781 3165 sua
1812 3121 1954 3166 Graeci
1983 3123 2228 3165 certissimae
2260 3128 2299 3165 et
2329 3121 2563 3164 crudelissi-

376 3203 465 3237 mae
497 3194 614 3237 morti
656 3193 905 3251 obiiciantur,
944 3206 1090 3250 magua
1127 3199 1236 3239 certe
1271 3207 1362 3239 cum
1406 3195 1668 3239 oblectatione
1705 3183 1896 3239 lectorum
1934 3196 2128 3239 rationem
2165 3195 2431 3250 persequitur,
2481 3204 2561 3248 qua

375 3265 514 3309 Ulixes
545 3265 764 3322 Cyclopem
794 3270 993 3324 cruciare,
1028 3269 1194 3324 vincire,
1224 3270 1265 3311 in
1293 3270 1521 3312 servitutem
1551 3269 1736 3323 redigere
1766 3269 1945 3312 voluerit.
1992 3267 2080 3318 Qua
2109 3279 2153 3310 re
2184 3267 2355 3320 Cyclops
2384 3268 2561 3309 irritatus

374 3340 478 3384 iusto
508 3341 637 3394 magis
668 3342 902 3387 crudelitate
931 3353 1006 3386 sua
1036 3342 1271 3396 exponenda
1300 3342 1471 3397 gaudet3
1503 3342 1576 3386 sed
1606 3342 1658 3387 ad
1688 3344 1767 3387 hoc
1795 3343 1964 3397 posthac
1993 3330 2234 3385 redibimus(
2267 3340 2421 3396 UlixeS,
2443 3352 2563 3395 quum

376 3411 553 3469 Cyclops
582 3416 752 3469 patriam
782 3427 833 3460 ex
862 3428 912 3461 eo
943 3417 1173 3472 quaesierit,
1217 3416 1392 3461 Ithacum
1423 3428 1468 3461 se
1498 3428 1590 3460 esse
1621 3417 1712 3462 dicit
1748 3421 1866 3472 atque
1903 3417 2020 3459 Troia
2062 3415 2191 3458 deleta
2222 3416 2350 3459 ventis
2380 3414 2566 3458 adversis
