3005 4043
1249 336 1784 383 meeum-

912 457 988 503 τὸν
1015 459 1094 514 μὲν
1124 455 1212 515 ἐγώ
1241 454 1461 513 βούλευσα
1489 449 1601 501 κατὰ
1628 445 1906 512 μεγαλήτορα
1935 457 2101 507 Quoia,

909 526 1043 578 ἆσσον
1072 531 1171 585 ἰών,
1200 531 1342 590 ξίφος
1362 525 1440 587 ὀξὺ
1471 522 1763 588 ἐρυσσάμενος
1781 525 1910 586 παρὰ
1939 527 2101 584 μηροῦ,

913 601 1149 663 οὐτάμεναι
1177 602 1290 666 πρὸς
1316 606 1505 665 στῆθος,
1535 600 1619 650 ὅθι
1648 603 1802 662 φρένες
1831 595 1949 660 ἧπαρ
1979 598 2171 655 ἔχουσιν,

909 677 1015 740 χείρ’
1042 674 1405 737 ἐπιμασσάμενος·

422 758 463 799 at
490 758 630 809 partes
655 754 793 799 callidi
821 756 1003 811 vastique
1032 757 1200 801 hominis
1228 767 1356 812 agens
1395 755 1543 812 ubique
1573 754 1651 799 sibi
1681 758 1846 799 constat.
1920 752 2097 807 Cyclops
2128 751 2319 805 denique,
2355 754 2398 792 ut
2427 748 2613 803 equidem

420 837 586 884 censeo,
620 831 763 885 partim
793 831 900 874 insto
930 832 1059 874 mitior
1084 825 1168 886 cst,
1218 833 1366 885 quippe
1403 833 1473 885 qui
1500 831 1633 874 multis
1661 830 1762 872 locis
1791 829 2003 883 loquacem
2032 832 2154 881 atque
2185 824 2372 868 fratribus
2402 828 2442 866 et
2472 822 2611 865 Sileno

420 902 589 946 amicum
629 913 676 947 se
704 903 913 959 praebeat,
957 905 1100 959 partim
1129 905 1246 947 nimis
1274 909 1337 947 est
1367 904 1560 958 crudelis,
1609 913 1730 957 quum
1761 902 1992 945 crudelitate
2022 911 2098 943 sua
2127 898 2367 954 exponenda
2398 896 2612 940 identidem

418 973 607 1030 gaudeat,
639 980 681 1020 ut
709 987 788 1019 non
816 977 947 1021 solum
977 976 1164 1021 carnibus
1193 977 1377 1020 humanit
1404 981 1605 1031 vescatur,
1634 975 1708 1018 sed
1735 977 1855 1017 etiam
1872 974 2067 1017 carnificis
2097 979 2231 1028 partes
2262 982 2385 1027 agere
2415 971 2609 1012 videatur.

536 1047 742 1094 Postremo
771 1051 881 1094 iuvat
908 1049 957 1094 Ο.
986 1051 1161 1106 mulleri,
1193 1051 1410 1093 acutissimi
1439 1050 1579 1092 harum
1607 1060 1740 1091 rerum
1768 1048 1926 1102 iudicis,
1957 1053 2191 1090 sententiam
2222 1048 2275 1089 de
2304 1046 2440 1088 fabula
2470 1051 2609 1087 nostra

422 1122 669 1166 adscribere:
707 1124 806 1179 „Die
839 1123 1024 1166 Vorliebe
1053 1123 1127 1166 des
1155 1126 1318 1179 spatern
1348 1123 1591 1165 Alterthums
1620 1123 1689 1164 hat
1715 1121 1901 1176 bewirkt,
1946 1122 2042 1163 dass
2072 1123 2158 1163 sich
2187 1123 2290 1163 auch
2319 1132 2392 1162 nur
2421 1131 2501 1162 von
2531 1121 2611 1161 ihm

421 1193 672 1253 (Euripidis)
707 1199 773 1239 ein
810 1198 959 1239 Drama
974 1198 1204 1251 .Satyrikon
1243 1197 1422 1239 erlialten
1458 1197 1544 1251 hat,
1589 1195 1776 1238 wievvohl
1804 1206 1850 1237 er
1877 1197 1917 1236 in
1948 1194 2018 1237 der
2048 1195 2219 1247 Gattung
2253 1195 2339 1236 sich
2368 1199 2480 1235 soust
2509 1193 2613 1235 eben

422 1269 527 1311 nicht
572 1270 864 1324 hervorgethan
909 1271 995 1325 hat,
1043 1270 1115 1312 der
1159 1271 1341 1324 Kyklops
1372 1294 1425 1301 —
1459 1271 1697 1311 interessant
1742 1268 1804 1310 als
1846 1267 2022 1321 Beispiel
2069 1267 2199 1309 dieser
2230 1268 2303 1308 Art
2345 1277 2421 1307 von
2452 1265 2613 1316 Poesie,

422 1342 485 1385 sur
527 1342 681 1386 welche
722 1343 786 1387 die
830 1343 954 1386 Fabel
998 1354 1089 1386 vom
1134 1343 1355 1398 Polyphem
1398 1354 1502 1397 ganz
1544 1342 1780 1397 geschaffen
1824 1343 1891 1397 ist,
1941 1341 2039 1382 aber
2080 1341 2183 1382 ohne
2225 1340 2290 1381 die
2329 1339 2493 1393 geniale
2536 1338 2615 1380 Er-

421 1416 730 1473 flndungsgabe,
777 1416 998 1473 (Quisnam
1047 1423 1158 1461 caret
1204 1419 1428 1461 inventione
1473 1420 1562 1460 sive
1608 1417 1934 1471 excogitatione?
1984 1416 2087 1457 Num
2136 1416 2237 1456 sorte
2288 1416 2376 1468 ipsa
2427 1410 2615 1467 labula‘l)

423 1489 486 1532 die
515 1492 590 1533 wir
618 1501 697 1534 von
727 1492 857 1534 einem
885 1491 1148 1544 Satyrdrama
1178 1491 1250 1534 des
1279 1492 1507 1544 Aeschylos
1536 1497 1736 1534 erwarten
1766 1496 1955 1533 mussten.
2003 1489 2060 1531 Cf.
2092 1489 2234 1531 Gescli
2266 1488 2337 1530 der
2366 1488 2515 1541 griech„
2546 1486 2618 1527 Li-

421 1568 531 1606 terat„
562 1563 606 1619 ll,
635 1576 674 1618 p.
706 1565 802 1608 179.
884 1563 1000 1615 Quod
1027 1564 1214 1608 iudicium
1244 1570 1323 1608 tam
1353 1566 1545 1608 incertum
1575 1570 1653 1619 est,
1686 1569 1726 1607 ut
1755 1564 1849 1606 nihil
1881 1574 1930 1606 eo
1971 1563 2047 1606 dici
2086 1563 2278 1605 videatur.
2337 1561 2477 1615 Neque
2515 1562 2619 1602 enim

421 1638 525 1680 scire
554 1638 690 1693 cupio,
740 1650 833 1682 num
862 1640 915 1681 sit
943 1638 1079 1681 sabula
1109 1637 1308 1693 quaedam
1337 1637 1545 1693 Euripidis
1566 1643 1646 1681 tam
1676 1639 1882 1692 ingeniose
1915 1639 2091 1692 inventa,
2141 1648 2260 1690 quam
2291 1635 2501 1688 Aeschyli,
2546 1633 2619 1675 sed

420 1722 513 1754 num
550 1714 602 1754 sit
637 1716 720 1754 tota
759 1716 827 1755 aut
874 1724 924 1755 ex
961 1718 1074 1767 parte
1117 1711 1223 1755 bona
1266 1723 1405 1755 necne.
1482 1711 1548 1755 Ad
1592 1711 1698 1767 quod
1744 1711 1914 1767 accedit,
1961 1712 2068 1766 qnod
2112 1711 2220 1754 nulla
2264 1709 2400 1753 sabula
2444 1710 2618 1761 satyrica

420 1785 614 1839 Aeschyli
642 1785 774 1829 adhuc
802 1792 1006 1842 superest,
1036 1788 1280 1842 comparatio
1311 1788 1428 1841 igitur
1457 1788 1603 1829 institui
1632 1788 1781 1841 nequit
1827 1784 1994 1829 Omnino
2026 1791 2155 1828 autem
2188 1783 2325 1838 credo,
2357 1782 2405 1826 de
2436 1781 2613 1835 Cyclope

419 1858 636 1914 Euripidis,
681 1871 801 1914 quum
844 1863 959 1904 unica
1005 1863 1056 1904 sit
1096 1863 1182 1904 eins
1224 1860 1331 1904 modi
1361 1860 1513 1916 fabula,
1558 1872 1661 1915 quae
1701 1867 1872 1904 aetatem
1909 1862 2013 1916 tulit,
2060 1860 2165 1903 haud
2196 1859 2379 1913 ambigue
2412 1856 2617 1900 diiudicari

419 1943 498 1979 nou
528 1944 663 1987 posse.
737 1933 865 1977 Valde
908 1936 1026 1989 igitur
1070 1934 1284 1979 dolendum
1314 1940 1393 1990 est,
1442 1936 1518 1978 hoc
1560 1947 1685 1989 genus
1730 1938 1866 1990 poesis
1912 1941 2057 1978 tantum
2098 1946 2147 1976 ex
2179 1933 2312 1976 sabula
2342 1931 2544 1986 Euripidis
2574 1935 2616 1984 et

419 2006 616 2051 nonnullis
645 2007 878 2061 fragmentis
917 2010 1109 2063 cognosci
1143 2020 1278 2063 posse.
1338 2007 1480 2052 Graeci
1508 2011 1627 2064 enim,
1672 2011 1738 2063 qui
1780 2021 1917 2052 omnes
1954 2015 2060 2051 artes
2091 2008 2141 2051 ad
2180 2018 2375 2051 summum
2413 2007 2617 2058 fastigium

419 2082 691 2137 provexerint,
726 2082 803 2125 hoc
835 2093 993 2136 quoque
1031 2094 1159 2139 genus
1201 2088 1311 2125 certe
1341 2085 1395 2125 ita
1432 2083 1705 2138 excoluerunt,
1737 2089 1778 2125 ut
1811 2083 1994 2125 omnibus
2026 2085 2199 2125 numeris
2236 2086 2346 2124 esset
2382 2080 2619 2121 absolutum.

534 2154 652 2196 Haud
692 2154 861 2196 alienum
901 2165 926 2196 a
961 2156 1172 2209 proposito
1200 2166 1291 2197 meo
1320 2166 1413 2197 esse
1452 2156 1642 2211 arbitror,
1674 2157 1926 2198 Homericam
1949 2156 1997 2198 de
2020 2156 2198 2209 Cyclope
2229 2155 2406 2196 fabulam
2448 2163 2619 2196 accura-

419 2230 495 2271 tius
535 2230 782 2283 examinare,
838 2240 916 2283 qua
969 2240 1013 2271 re
1055 2230 1224 2271 futurum
1264 2240 1356 2271 esse
1402 2235 1539 2285 spero,
1587 2236 1629 2272 ut
1664 2232 1789 2272 maior
1820 2231 1893 2272 lux
1944 2230 2198 2285 disputationi
2239 2240 2355 2271 meae
2402 2228 2449 2270 de
2485 2228 2620 2269 sabula

419 2301 634 2356 Euripidea
663 2302 863 2346 afferatur.
921 2303 1040 2356 Apud
1067 2303 1282 2346 Homerum
1309 2305 1427 2358 igitur
1461 2304 1600 2347 Ulixes
1631 2316 1710 2347 non
1743 2305 1845 2348 dolis
1877 2307 2016 2359 utitur,
2062 2310 2105 2346 ιιι
2146 2303 2372 2346 hominihus
2402 2304 2615 2358 perniciem

419 2379 552 2429 paret,
583 2373 658 2417 sed
686 2377 774 2428 ipse
810 2377 928 2417 tantis
961 2376 1165 2430 periculis,
1206 2378 1323 2418 tantis
1357 2378 1646 2419 calamitatibus
1683 2384 1743 2420 est
1781 2381 2091 2432 circumventus,
2129 2384 2173 2419 ut
2202 2380 2270 2419 vix
2303 2378 2406 2419 ullus
2444 2376 2621 2417 mortalis

419 2448 511 2491 iude
548 2459 593 2490 se
630 2448 822 2503 expedire
863 2459 986 2502 posse
1018 2449 1213 2502 videatur;
1249 2454 1421 2492 attamen
1456 2452 1695 2493 fortissimus
1734 2454 1792 2493 vir
1835 2454 2112 2505 gravissimum
2154 2451 2338 2506 quodque
2379 2462 2509 2503 aequo
2545 2451 2622 2491 sert

421 2524 553 2564 animo
583 2534 713 2584 neque
747 2524 787 2564 in
821 2524 910 2576 ipso
950 2525 1057 2565 vitae
1100 2523 1322 2565 discrimine
1363 2524 1439 2565 sibi
1474 2530 1541 2567 aut
1581 2525 1813 2578 prudentiae
1858 2537 1956 2568 suae
1999 2526 2145 2568 diffidit.
2204 2526 2469 2578 Polyphemus
2504 2512 2620 2577 enim,

421 2607 542 2650 quum
572 2595 730 2640 Ulixem
751 2599 793 2638 in
823 2609 947 2651 specu
986 2609 1060 2640 suo
1090 2599 1326 2653 invenisset,
1360 2598 1510 2641 aditum
1544 2612 1644 2641 saxo
1681 2600 1864 2655 occlusit,
1906 2599 2013 2654 quod
2042 2611 2158 2641 nemo
2191 2600 2306 2641 homo
2337 2599 2424 2640 loco
2454 2608 2620 2640 movere

421 2680 467 2713 se
500 2680 622 2725 posse
667 2670 895 2713 confideret.
969 2670 1074 2713 Ulixi
1114 2673 1232 2726 igitur
1271 2674 1475 2727 sociisque
1519 2675 1558 2715 in
1602 2685 1727 2729 specu
1774 2673 1962 2727 Cyclopis
2010 2673 2172 2715 inclusis
2219 2672 2326 2714 nulla
2371 2683 2468 2726 spes
2515 2672 2622 2714 effu-

421 2744 555 2798 giendi
601 2750 663 2787 est
702 2746 850 2788 relicta.
929 2746 1029 2787 Fere
1074 2751 1223 2788 certum
1269 2757 1361 2788 csse
1397 2747 1571 2801 videtur,
1626 2748 1711 2788 sore
1744 2753 1785 2788 ut
1824 2749 1900 2800 ipsi
1940 2746 2103 2801 eadem,
2153 2758 2256 2800 quae
2293 2749 2430 2801 sociis,
2483 2746 2622 2789 clades

421 2818 594 2873 accidat,
640 2830 744 2872 quae
780 2819 953 2862 conditio
979 2830 1073 2861 vere
1109 2825 1169 2861 est
1208 2822 1372 2873 tragica.
1451 2821 1520 2860 Vir
1556 2822 1658 2860 enim
1697 2825 1736 2860 et
1766 2819 2095 2873 prudentissimus
2134 2826 2171 2861 et
2207 2821 2461 2876 fortissimus,
2509 2824 2622 2862 cuius

423 2901 542 2944 quum
583 2893 725 2935 virtute
763 2898 844 2936 tum
883 2894 1046 2936 consilio
1087 2894 1201 2934 Troia
1234 2899 1294 2934 est
1336 2898 1578 2946 expugnata,
1614 2895 1691 2934 iam
1732 2894 1771 2934 in
1808 2903 1857 2933 eo
1894 2900 1971 2946 est,
2013 2900 2052 2935 ut
2089 2905 2161 2947 per
2202 2893 2440 2948 Cyclopem,
2476 2897 2620 2936 imma-

421 2974 512 3007 nem
548 2963 725 3019 beluam,
775 2969 946 3009 maxime
982 2966 1146 3019 inglorie
1186 2967 1363 3008 intereat.
1423 2965 1497 3007 Eoi
1522 2970 1655 3007 autem
1689 2968 1864 3007 versutia
1905 2968 1990 3008 eius
2033 2972 2222 3020 apparet,
2260 2967 2370 3021 quod
2412 2978 2457 3009 se
2499 2977 2619 3008 suos-

422 3048 501 3090 que
533 3038 575 3079 in
604 3049 761 3081 summo
789 3051 921 3082 rerum
958 3039 1178 3081 discrimine
1212 3044 1288 3080 tam
1321 3038 1486 3080 feliciter
1506 3044 1728 3080 conservat.
1783 3038 2004 3093 Cyclopem
2034 3042 2137 3082 enim
2159 3040 2417 3082 dormientem
2439 3042 2476 3082 in
2497 3049 2619 3091 specu

423 3109 607 3152 occidere
637 3122 716 3154 non
752 3117 836 3154 erat
872 3124 922 3154 ex
953 3124 1037 3154 usu.
1117 3111 1218 3153 Nam
1249 3113 1336 3166 quis
1374 3111 1519 3153 molem
1559 3111 1665 3154 illam
1701 3112 1846 3166 lapidis
1878 3112 1928 3155 ad
1970 3115 2113 3156 ostium
2157 3115 2326 3168 positam
2367 3112 2619 3155 sustulisset?

423 3183 503 3225 Res
537 3185 657 3238 igitur
689 3188 746 3228 ita
780 3193 867 3228 erat
906 3186 1162 3240 instituenda,
1210 3191 1252 3230 ut
1291 3197 1422 3240 neque
1463 3185 1732 3240 Polyphemus
1773 3193 1982 3228 necaretur
2021 3199 2150 3242 neque
2186 3188 2360 3229 Graecos
2398 3186 2621 3227 devoraret.

427 3255 527 3307 Quid
554 3258 674 3312 igitur
710 3260 804 3303 fecit
825 3260 991 3303 Ulixes?
1021 3260 1154 3303 Utrem
1190 3261 1269 3302 vini
1306 3271 1440 3302 secum
1477 3260 1668 3315 duxerat,
1697 3272 1777 3314 quo
1801 3259 2017 3315 Cyclopem
2051 3261 2199 3303 ebrium
2232 3261 2364 3302 facere
2396 3265 2436 3301 et
2467 3258 2621 3301 ebrium

426 3342 646 3375 excaecare
681 3332 757 3375 sibi
795 3336 986 3388 proponit.
1046 3334 1102 3376 Ita
1133 3335 1234 3376 enim
1267 3339 1348 3376 tum
1389 3335 1486 3375 iram
1518 3335 1631 3375 caeci
1662 3333 1849 3387 Cyclopis
1891 3336 1928 3375 in
1968 3337 2055 3387 ipso
2086 3346 2209 3387 specu
2240 3334 2417 3387 effugere
2450 3337 2616 3387 poterat,

425 3410 505 3449 tum
535 3407 598 3449 hic
626 3407 713 3460 ipse
751 3408 908 3451 ianuam
943 3410 1131 3462 aperiret,
1186 3412 1229 3451 ιιι
1258 3418 1354 3450 oves
1388 3413 1587 3461 pasceret,
1633 3418 1802 3450 necesse
1831 3415 1923 3450 erat.
2000 3407 2343 3461 Dugas-Montbel
2381 3407 2509 3461 libro,
2554 3407 2621 3461 qui

2158 3483 2219 3524 2²1&
