3005 4043
1316 311 1821 357 *maaziau-⁶·-

465 436 594 479 adhuc
625 434 810 495 iudicium
839 434 950 489 recit;
987 445 1140 490 operae
1168 435 1291 490 igitur
1319 435 1490 490 pretium
1520 445 1613 478 esse
1643 423 1808 491 censeo,
1849 434 1955 483 hanc
1982 432 2178 492 tabulam,
2219 446 2301 491 qua
2334 437 2590 481 accuratione
2619 447 2670 498 ae

464 508 669 563 diligentia
697 520 883 566 possum,
913 509 1099 554 omnibus
1128 510 1218 553 aliis
1247 510 1371 554 rebus
1401 512 1579 566 omissis,
1609 509 1860 565 philosophis
1889 508 2107 554 rationibus
2126 510 2368 554 examinare.
2416 509 2668 567 Disputab-

460 594 554 626 nem
589 588 722 626 autem
758 593 892 628 meam
924 585 981 627 ita
1017 585 1236 639 instituam,
1280 589 1324 627 ut
1363 586 1531 638 primum
1568 595 1699 638 pauca
1735 585 1786 628 de
1813 583 1950 628 fabula
1978 586 2171 642 satyrion,
2216 583 2360 629 deinde
2388 584 2517 629 fusius
2543 590 2667 642 atque

454 657 622 701 uberius
652 657 703 700 de
732 658 825 713 ipso
855 650 1052 713 Cyclope,
1083 658 1271 713 denique,
1302 669 1383 711 qua
1412 670 1458 701 re
1488 659 1574 701 fore
1604 669 1727 712 spero
1757 663 1800 702 ut
1828 660 1957 702 maior
1984 659 2054 702 lux
2083 658 2336 720 disputationi
2365 670 2481 703 meae
2510 658 2664 703 affera-

460 738 538 788 tur,
572 732 622 775 de
652 732 792 775 sabula
820 732 1034 776 Homerica
1066 731 1115 775 de
1147 731 1395 786 Polyphemo
1426 732 1598 787 paucula
1628 731 1768 776 dicam.

575 807 638 848 De
665 806 803 849 sabula
822 809 998 860 satyrica
1021 807 1145 849 multa
1165 807 1346 861 proferre
1368 819 1500 861 neque
1521 806 1573 849 ad
1594 819 1678 850 rem
1698 811 1874 850 nostram
1894 807 2064 861 pertinet
2082 811 2138 862 et,
2168 818 2289 862 quum
2312 807 2521 851 Welckeri
2540 818 2666 863 egre-

460 882 528 934 gia
552 880 602 922 de
632 892 682 923 ea
711 881 928 936 disputatio
958 882 998 923 in
1027 879 1305 923 additamentis
1333 880 1385 922 ad
1416 880 1614 935 trilogiam
1634 885 1777 936 exstet,
1811 892 1977 935 prorsus
1998 883 2058 924 est
2078 891 2435 939 supervacaneum.
2481 880 2526 925 ld
2546 882 2666 938 igitur

461 954 511 998 de
546 955 623 999 hoc
656 967 806 1010 genere
843 955 1068 999 fabularum
1102 957 1323 1010 generatim
1353 961 1474 1010 atque
1504 957 1690 998 universe
1721 953 1933 1011 disseram,
1974 953 2079 998 unde
2108 965 2248 998 norma
2278 959 2457 1012 eruatur,
2502 967 2583 1012 qua
2613 955 2664 1000 de

457 1034 595 1071 nostra
624 1029 759 1071 sabula
789 1030 994 1073 iudicetur.
1053 1031 1188 1073 Multis
1218 1035 1352 1073 autem
1382 1032 1511 1084 iisque
1542 1030 1699 1073 idoneis
1727 1031 1962 1074 testimoniis
1992 1034 2161 1085 constat,
2205 1029 2366 1071 Pratina
2402 1035 2566 1076 auctore
2595 1031 2663 1073 sa-

457 1101 589 1144 bulam
626 1103 841 1155 satyricam
879 1114 904 1144 a
941 1102 1149 1158 tragoedia
1180 1114 1273 1146 esse
1303 1104 1535 1146 seiunctam.
1595 1102 1820 1157 Tragoedia
1850 1105 1972 1159 enim,
2017 1114 2067 1146 ex
2104 1102 2345 1146 carminibus
2377 1104 2487 1145 chori
2514 1103 2662 1146 Bacchi

458 1182 561 1232 orta,
598 1178 727 1231 primo
759 1176 1013 1233 Satyrorum,
1057 1190 1160 1233 quos
1191 1178 1315 1220 Arion
1345 1177 1550 1220 induxisse
1582 1177 1772 1232 creditur,
1802 1178 1965 1220 chorum
1994 1177 2206 1232 retinebat3
2237 1177 2311 1220 sed
2340 1188 2458 1232 quum
2490 1177 2662 1221 decursu

454 1253 646 1305 temporis
676 1253 806 1294 maior
835 1254 1011 1307 gravitas
1041 1264 1091 1295 ac
1121 1253 1292 1307 dignitas
1324 1253 1360 1293 ei
1391 1253 1648 1306 accessisset,
1678 1251 1841 1293 lascivis
1871 1255 1910 1293 et
1939 1251 2209 1305 petulantibus
2237 1252 2394 1305 Satyris
2423 1254 2462 1294 in
2493 1257 2660 1306 tragoe-

454 1324 530 1367 diis
560 1325 675 1368 locus
707 1337 787 1368 non
818 1328 896 1368 iam
928 1332 1023 1368 erat.
1084 1326 1227 1369 Graeci
1258 1331 1405 1379 autem,
1452 1324 1559 1379 quod
1590 1330 1675 1365 erat
1705 1335 1841 1366 eorum
1872 1325 2089 1378 ingenium,
2119 1324 2289 1377 Satyros
2319 1336 2397 1366 non
2428 1327 2659 1379 omiserunt,

454 1398 529 1441 sed
559 1408 697 1441 eorum
728 1399 903 1442 fabulam
936 1410 1055 1454 quum
1086 1398 1324 1454 retinebant,
1356 1403 1436 1440 tum
1467 1397 1719 1453 excolebant,
1748 1397 1853 1440 unde
1883 1408 1972 1440 mos
2003 1401 2065 1440 est
2092 1402 2221 1453 ortus,
2251 1402 2309 1453 ut,
2339 1399 2467 1441 ternis
2492 1403 2658 1452 tragoe-

454 1471 530 1515 diis
561 1473 679 1527 actis,
710 1484 790 1526 quo
821 1475 939 1515 animi
971 1476 1123 1527 tragico
1156 1478 1261 1515 metu
1292 1478 1331 1514 et
1360 1473 1617 1514 miseratione
1648 1473 1832 1514 commoti
1864 1470 2162 1526 quodammodo
2180 1472 2492 1526 remitterentur,
2522 1470 2657 1516 tabula

454 1548 630 1599 satyrica
661 1545 856 1589 ederetur.
918 1546 960 1588 In
991 1558 1071 1601 qua
1102 1559 1222 1601 quum
1254 1552 1294 1589 et
1313 1536 1485 1601 heroes,
1516 1548 1583 1600 qui
1612 1548 1652 1588 in
1673 1545 1892 1600 tragoediis
1912 1544 2139 1601 prodibant,
2169 1550 2209 1588 et
2234 1545 2366 1599 Satyri
2386 1545 2502 1588 simul
2522 1550 2659 1600 partes

454 1626 638 1676 agerent,
674 1620 759 1663 fieri
789 1632 869 1664 non
899 1622 1044 1677 potuit,
1081 1623 1174 1676 quin
1206 1622 1445 1664 commercio
1477 1626 1516 1664 et
1546 1632 1742 1664 concursu
1772 1625 2050 1676 utrorumque,
2086 1631 2253 1676 quorum
2282 1620 2397 1663 alteri
2428 1631 2656 1675 quanquam

452 1706 529 1737 non
565 1696 721 1750 tragica
757 1695 844 1751 illa,
889 1695 963 1738 sed
1004 1697 1103 1738 satis
1141 1706 1287 1751 magna
1324 1697 1518 1750 gravitate
1562 1707 1611 1738 ac
1642 1695 1830 1750 dignitate
1861 1697 2009 1751 ornati,
2052 1696 2166 1739 alteri
2194 1695 2333 1738 lascivi
2365 1701 2404 1738 et
2433 1696 2658 1750 petulantes

450 1774 605 1825 essent,
634 1771 670 1812 si
699 1771 835 1812 sciens
864 1774 983 1824 poeta
1013 1769 1065 1811 ad
1093 1769 1289 1811 eiusmodi
1321 1769 1495 1811 fabulam
1527 1769 1774 1811 condendam
1804 1758 2129 1824 se'accinxerat,
2159 1770 2306 1812 multae
2335 1771 2570 1813 occasiones
2589 1771 2657 1812 fa-

451 1844 642 1886 cetiarum
674 1845 931 1896 iocorumque
961 1844 1259 1897 praeberentur.
1302 1841 1378 1898 (cs.
1398 1844 1552 1884 Welck.
1574 1843 1598 1884 l.
1619 1844 1642 1884 l.
1670 1855 1707 1896 p.
1730 1843 1812 1884 326
1834 1841 1915 1897 ss.)
1962 1844 2031 1884 Vis
2055 1845 2173 1897 igitur
2195 1848 2314 1897 atque
2335 1849 2475 1886 natura
2497 1843 2657 1887 fabulae

452 1917 654 1968 satyricae
684 1918 723 1958 in
754 1927 802 1959 eo
831 1918 963 1970 posita
993 1921 1070 1971 est,
1111 1921 1152 1959 ut
1183 1918 1404 1958 animantes
1436 1915 1584 1958 diversi
1613 1918 1794 1970 generis,
1833 1915 1981 1957 diversi
2013 1917 2176 1971 ingenii,
2218 1916 2466 1958 diversorum
2503 1928 2657 1960 morum

453 1990 631 2032 eiusdem
661 1991 828 2032 actionis
858 1991 936 2032 sint
965 1992 1193 2043 participes.
1254 1989 1342 2038 Qua
1375 2001 1424 2031 ex
1458 2001 1502 2031 re
1533 1990 1711 2031 iudicare
1741 1989 1848 2043 licet,
1893 1991 2091 2031 actionem
2129 1991 2166 2031 in
2209 1992 2434 2032 universum
2464 1991 2656 2045 tragicam

451 2065 516 2106 vel
547 2066 702 2118 epicam
734 2064 879 2118 fuisse,
909 2065 964 2106 ita
994 2069 1036 2106 ut
1063 2075 1197 2106 mores
1228 2075 1491 2117 personarum
1524 2075 1574 2106 ex
1605 2063 1811 2117 tragoedia
1833 2064 1897 2106 vel
1918 2067 2103 2118 poemate
2124 2065 2238 2118 epico
2261 2063 2527 2107 desumtarum
2549 2075 2656 2119 pau-

450 2139 530 2180 lum
562 2143 711 2180 tantum
741 2139 1051 2180 immutarentur.
1111 2136 1242 2179 Scena
1273 2143 1420 2193 autem,
1467 2137 1518 2180 ad
1549 2137 1717 2190 Satyros
1747 2137 2063 2193 accommodata,
2094 2137 2316 2192 specubuS,
2348 2137 2548 2180 montibus
2580 2137 2656 2181 sil-

448 2215 609 2267 visque,
628 2243 633 2247 ,
654 2214 695 2254 in
725 2212 869 2265 quibus
900 2211 1162 2253 libentissime
1193 2217 1463 2266 versarentur,
1512 2218 1597 2254 erat
1626 2218 1775 2255 ornata.
1835 2212 2068 2267 „Satyricae
2098 2221 2247 2254 scenae
2276 2216 2466 2254 ornantur
2493 2209 2655 2255 arbori-

452 2286 545 2341 buS‚
577 2286 796 2342 speluncis,
828 2284 1044 2341 montibus,
1070 2285 1317 2340 reliquisque
1346 2283 1573 2340 agrestibus
1601 2285 1739 2342 rebus,
1770 2287 1809 2329 in
1832 2287 1989 2341 topiarii
2018 2286 2153 2340 operis
2183 2285 2359 2339 speciem
2392 2284 2656 2329 deformatis.“

453 2362 598 2404 Vitruv.
632 2363 668 2416 5,
700 2361 739 2404 8.
777 2362 832 2403 At
860 2359 1067 2414 tragoedia
1098 2361 1217 2415 igitur
1246 2359 1482 2414 Satyrorum
1514 2361 1660 2413 choro,
1692 2362 1754 2403 cui
1785 2361 1861 2402 soli
1890 2362 1929 2404 in
1962 2372 2011 2402 ea
2041 2364 2126 2403 erat
2154 2359 2283 2415 locus,
2314 2359 2448 2402 fabula
2479 2361 2656 2413 satyrica

454 2434 669 2478 differebat.
730 2435 813 2477 lam
858 2446 955 2477 vero
996 2435 1085 2477 luce
1125 2435 1274 2477 clarius
1313 2440 1396 2489 est,
1444 2440 1484 2477 et
1521 2447 1546 2477 a
1576 2436 1781 2477 comoedia
1814 2442 1853 2478 et
1882 2436 1933 2477 ab
1964 2433 2318 2490 hilarotragoedia,
2362 2445 2483 2488 quam
2513 2433 2656 2477 Graeci

452 2514 611 2564 vocant,
640 2509 762 2563 longe
794 2519 883 2550 eam
916 2508 1165 2563 discrepare,
1196 2508 1270 2550 sed
1300 2510 1442 2550 merito
1472 2506 1717 2559 παίζουσαν
1748 2508 1996 2563 τραγῳδίαν
2026 2520 2051 2551 a
2082 2510 2284 2550 Demetrio
2314 2509 2518 2549 nominari.
2580 2506 2654 2562 (cf.

453 2584 628 2635 Ἡῆῐῑετ,
661 2582 798 2637 (Sicini).
830 2587 895 2625 bet
924 2583 1058 2639 gried).
1092 2581 1205 2625 iliter.
1238 2582 1282 2636 ll,
1314 2594 1352 2634 p.
1382 2583 1451 2626 38.
1485 2583 1602 2626 Qum.
1633 2582 1700 2638 3).

568 2657 651 2698 Iam
681 2668 780 2699 vero
810 2655 861 2698 ad
893 2655 1110 2711 Cyclopem
1141 2661 1393 2698 transeamus
1426 2661 1544 2709 atque
1574 2658 1753 2710 singulas
1784 2669 1850 2699 res
1881 2658 1996 2699 huius
2026 2657 2187 2699 fabulae
2216 2667 2334 2710 quam
2356 2656 2655 2710 diligentissime

454 2730 721 2785 ponderemus
752 2735 792 2772 et
821 2732 1109 2784 examinemus,
1157 2740 1230 2769 eas
1259 2730 1431 2769 maxime
1461 2734 1707 2785 spectantes,
1738 2732 1776 2771 in
1808 2730 1951 2784 quibus
1982 2729 2194 2782 Euripides
2222 2741 2352 2784 suum,
2382 2740 2464 2771 non
2492 2730 2655 2771 Homeri

453 2807 653 2860 ingenium
685 2810 746 2847 est
774 2810 945 2847 secutus.
1006 2805 1066 2846 Ex
1098 2804 1274 2845 Homero
1305 2804 1427 2859 enim,
1458 2805 1568 2846 cuius
1598 2804 1805 2859 epularum
1835 2804 2004 2847 frustula
2024 2805 2113 2859 ipse
2132 2804 2362 2857 Aeschylus
2383 2803 2540 2847 fabulas
2559 2814 2655 2847 suas

451 2881 660 2935 appellare
690 2879 861 2935 solebat,
893 2885 932 2921 et
963 2880 1080 2921 huius
1110 2878 1271 2920 fabulae
1302 2884 1577 2931 argumentum
1606 2885 1669 2922 est
1696 2885 1879 2922 sumtum.

571 2954 705 2997 Scena
745 2954 833 3009 ipsa
879 2954 988 3008 litus,
1033 2955 1072 2995 in
1118 2955 1339 3006 posteriore
1375 2957 1489 3006 parte
1518 2964 1682 3006 specum
1713 2953 1926 3007 Cyclopis,
1971 2955 2118 2995 circum
2147 2958 2303 2995 montes
2331 2959 2534 3006 rupesque
2563 2956 2655 2994 ante

452 3029 592 3070 oculos
622 3029 817 3083 proponit.
868 3026 1027 3070 Silenus
1057 3026 1169 3069 solus
1198 3028 1238 3068 in
1267 3037 1431 3069 scenam
1461 3037 1718 3082 progressus,
1750 3028 1983 3080 harpagone
2012 3028 2225 3069 instructus
2247 3025 2310 3081 (v.
2333 3026 2399 3069 33.
2419 3024 2480 3067 ed.
2502 3023 2654 3081 Dina),

452 3102 664 3156 prologum
695 3103 797 3156 agit,
829 3112 908 3157 quo
940 3099 1127 3155 ostendit,
1159 3112 1238 3154 qua
1269 3101 1419 3142 ratione
1451 3104 1491 3142 et
1519 3101 1606 3154 ipse
1637 3106 1675 3142 et
1706 3100 1840 3153 Satyri
1869 3099 1937 3143 lilii
1966 3101 2006 3143 in
2036 3101 2140 3144 hanc
2169 3101 2434 3143 tristissimam
2455 3100 2653 3143 servitutis

452 3176 712 3219 conditionem
743 3177 935 3218 venerint.
993 3174 1132 3230 Incipit
1176 3174 1229 3216 ab
1274 3185 1341 3230 eo,
1387 3174 1496 3229 quod
1532 3174 1694 3216 labores
1734 3179 1774 3217 et
1801 3174 1979 3229 pericula
2008 3180 2171 3230 propter
2200 3174 2401 3217 Bacchum
2431 3185 2503 3228 per
2531 3178 2653 3217 totam

449 3250 534 3291 sere
563 3252 683 3294 vitam
714 3251 911 3294 exhausta
944 3254 1166 3303 enumerat,
1211 3260 1380 3304 quorum
1408 3251 1578 3304 primum
1608 3249 1649 3292 id
1680 3255 1759 3305 est,
1792 3249 1898 3304 quod
1927 3250 2129 3305 BacchuS,
2159 3250 2313 3291 insania
2344 3261 2368 3291 a
2401 3250 2543 3292 lunone
2573 3249 2653 3291 im·-

449 3325 593 3378 missa,
625 3324 831 3379 Nymphas
860 3326 1036 3368 nutrices
1066 3326 1104 3368 in
1136 3324 1248 3378 Nysa
1279 3329 1410 3366 monte
1440 3325 1662 3378 reliquerit,
1696 3336 1798 3378 quae
1819 3336 1885 3366 res
1907 3326 1944 3365 ei
1965 3335 2146 3379 quoque,
2178 3323 2382 3366 educatori
2403 3329 2442 3366 et
2461 3323 2653 3377 magistro

445 3398 612 3455 Bacchi,
656 3399 781 3441 dolori
812 3401 937 3441 fuisse
968 3405 1278 3442 consentaneum
1308 3404 1378 3441 est.
1439 3399 1687 3453 Secundum,
1733 3399 1840 3453 quod
1871 3410 1961 3441 eum
1992 3398 2099 3441 bello
2130 3397 2323 3452 Giganteo
2353 3399 2506 3441 sortiter
2534 3402 2652 3451 atque
