3005 4043
988 1022 1082 1096 De
1133 1020 1399 1115 Cyclope
1450 1018 1779 1113 Euripidis,

405 1343 521 1423 luter
563 1379 762 1434 principes
806 1376 1041 1434 tragoediae
1079 1377 1259 1421 Graecae
1302 1376 1533 1432 Euripidem
1576 1377 1749 1418 maxime
1791 1376 1831 1418 in
1877 1375 2031 1419 deliciis
2073 1376 2200 1420 fuisse
2245 1378 2480 1432 aequalibus

289 1465 410 1512 quum
438 1454 633 1509 politioris
659 1453 912 1496 humanitatis
942 1450 1172 1508 expertibus
1201 1455 1283 1494 tum
1312 1450 1437 1494 doctis
1467 1450 1855 1505 intelligentibusque
1875 1450 2007 1492 multis
2029 1463 2080 1492 ex
2101 1450 2222 1493 rebus
2243 1452 2481 1495 concludere

287 1529 392 1572 licet.
436 1526 581 1578 Quanti
610 1528 715 1570 enim
744 1528 1012 1569 Athenienses
1042 1538 1133 1568 eum
1156 1526 1277 1580 vulgo
1298 1526 1481 1580 iecerint,
1513 1530 1556 1567 ut
1576 1525 1657 1566 alia
1675 1527 1863 1580 omittam,
1894 1526 1971 1584 iam
1998 1536 2048 1566 ex
2070 1536 2120 1566 eo
2141 1530 2326 1580 apparet,
2358 1524 2481 1580 quod,

289 1613 410 1659 quum
438 1601 575 1645 Pellae
603 1601 751 1644 acerbo
779 1602 861 1644 fato
891 1603 1094 1656 periisset,
1124 1601 1282 1655 legatos
1312 1599 1364 1642 ad
1392 1599 1631 1641 Archelaum
1661 1609 1798 1651 regem
1827 1600 2033 1653 miserunt,
2070 1600 2138 1652 qui
2167 1610 2263 1640 ossa
2294 1600 2381 1641 eius
2411 1611 2482 1640 re-

288 1679 501 1731 portarent.
561 1673 675 1725 Quae
702 1686 770 1717 res
800 1686 921 1728 quum
952 1679 1062 1717 esset
1090 1679 1250 1729 negata,
1280 1675 1390 1715 iuxta
1419 1675 1523 1714 viam
1553 1672 1734 1714 Piraeam
1766 1674 1985 1715 excitarunt
2015 1674 2052 1714 ei
2082 1672 2272 1714 tumulum
2301 1673 2481 1714 honora-

287 1752 405 1806 rium,
436 1752 548 1793 cuius
576 1749 796 1804 inscriptio,
827 1752 895 1792 aut
924 1760 951 1791 a
979 1747 1228 1804 Thucydide,
1258 1747 1579 1802 praeclarissimo
1605 1758 1737 1789 rerum
1759 1747 1972 1801 scriptore,
2003 1750 2071 1789 aut
2091 1756 2115 1788 a
2136 1746 2341 1788 Timotheo
2360 1751 2480 1800 poeta

288 1825 408 1878 facta,
438 1823 541 1866 haec
570 1828 676 1865 erat:

750 1895 917 1952 Μνῆμα
945 1893 1025 1949 μὲν
1050 1889 1194 1943 Ἑλλὰς
1222 1887 1352 1937 ἅπασ’
1386 1886 1637 1950 Εὐριπίδου,
1670 1887 1802 1936 ὀστέα
1831 1887 1985 1946 δ”ίσχει

836 1969 891 2025 γῆ
919 1961 1148 2011 Μακεδίι’ν·
1177 1962 1203 2025 ἦ
1235 1963 1316 2024 γὰρ
1346 1967 1504 2020 δέξατο
1535 1967 1673 2023 τέρμα
1700 1966 1817 2022 βίου·

746 2041 904 2098 πατρὶς
933 2037 971 2082 δ’
997 2034 1194 2089 Ἑλλάδος
1218 2035 1386 2093 Ἑλλὰς,
1416 2034 1613 2097 Ἀθῆναι·
1642 2041 1826 2083 πλεῖστα
1857 2040 1905 2082 δὲ
1936 2032 2123 2089 Μούσας

835 2114 1023 2170 τέρψας,
1053 2111 1101 2155 ἐκ
1130 2114 1303 2156 πολλῶν
1333 2113 1403 2156 καὶ
1434 2109 1511 2156 τὸν
1539 2110 1715 2157 ἔπαινον
1744 2111 1845 2167 ἔχει.

288 2205 335 2248 cf.
365 2206 532 2259 primam
562 2209 603 2246 et
630 2204 845 2246 secundam
875 2206 993 2246 vitam
1023 2205 1222 2260 Euripidis
1252 2205 1413 2248 editioni
1432 2205 1563 2248 Bothii
1592 2207 1802 2259 praefixas.
1856 2208 1961 2247 Viris
1993 2212 2123 2247 autem
2159 2204 2480 2259 intelligentibus,

287 2279 555 2334 Aristophane
585 2279 765 2321 nimirum
796 2284 982 2334 excepto,
1018 2279 1174 2321 fabulas
1205 2280 1290 2321 eius
1320 2278 1531 2321 admodum
1560 2280 1779 2334 placuisse,
1817 2281 1854 2321 ei
1884 2281 1942 2321 rei
1974 2284 2035 2321 est
2065 2278 2230 2334 indicio,
2261 2277 2369 2334 quod
2399 2277 2481 2320 So-

288 2358 434 2407 crates,
480 2352 648 2394 Aeliauo
686 2357 865 2407 auctore,
913 2363 1137 2407 quanquam
1171 2355 1271 2395 alias
1301 2365 1393 2395 raro
1423 2353 1540 2396 ludos
1570 2359 1791 2408 spectatum
1821 2352 1922 2407 ibat,
1969 2365 2132 2407 semper
2161 2353 2318 2408 aderat,
2361 2365 2481 2407 quum

161 2468 169 2477 ,
211 2468 214 2470 ,
286 2426 484 2482 Euripidis
514 2425 675 2469 fabulae
705 2425 926 2469 ederentur.
984 2427 1031 2469 cs.
1062 2428 1149 2470 Ael.
1180 2429 1272 2470 Var.
1302 2429 1391 2471 hist.
1421 2428 1472 2484 11,
1505 2428 1570 2470 13.
1627 2421 1671 2469 Οι
1703 2425 1752 2469 δὲ
1783 2419 2020 2482 Σωκράτης
2048 2421 2233 2469 σπάνιον
2262 2425 2343 2479 μὲν
2372 2423 2482 2469 ἐπε-

286 2498 426 2554 φοίτα
455 2501 552 2547 τοῖς
581 2492 807 2557 θεάτροις,
839 2495 990 2542 ε’ίποτε
1020 2499 1068 2542 δὲ
1102 2494 1343 2556 Εὐριπίδης
1380 2495 1402 2542 ὁ
1434 2501 1513 2556 τῆς
1542 2499 1790 2556 τραγῳδίας
1821 2495 2010 2556 ποιητὴς
2043 2494 2284 2556 ἠγωνίζετο
2314 2504 2482 2549 καινοῖς

286 2573 547 2629 τραγῳδοῖς,
583 2564 688 2615 τότε
719 2587 766 2628 γε
795 2565 1036 2629 ἀφικνεῖτο.
1094 2574 1233 2629 Neque
1273 2576 1402 2618 minus
1438 2576 1589 2629 posteri
1625 2574 1772 2617 fabulis
1801 2573 2024 2628 Euripideis
2065 2584 2320 2627 summopere
2358 2573 2480 2618 oble-

286 2647 507 2701 ctabantur,
538 2647 579 2689 id
609 2650 712 2689 enim
741 2650 826 2689 iure
858 2659 909 2689 ex
940 2659 988 2689 eo
1019 2649 1177 2690 efficere
1207 2661 1330 2703 posse
1360 2649 1453 2691 mihi
1481 2649 1634 2703 videor,
1668 2649 1774 2702 quod
1803 2649 1940 2701 plures
1970 2651 2057 2690 eius
2078 2647 2328 2702 tragoediae,
2359 2659 2479 2701 quam

287 2720 453 2763 duorum
489 2721 730 2774 reliquorum
767 2726 989 2776 poetarum,
1034 2733 1200 2775 quorum
1237 2722 1468 2775 tragoediae
1499 2722 1627 2764 adhuc
1660 2727 1889 2775 supersunt,
1934 2722 2126 2774 Aeschyli
2169 2727 2210 2763 et
2249 2721 2476 2775 Sophoclis,

287 2800 456 2837 aetatem
486 2795 666 2837 tulerunt.
727 2795 848 2836 Cuius
877 2798 1001 2836 mirae
1030 2798 1089 2835 rei
1118 2807 1279 2837 causam
1310 2797 1455 2848 optime
1486 2795 1709 2848 significare
1730 2795 1971 2848 Sophoclem
1996 2795 2166 2837 arbitror
2187 2794 2399 2850 dicentem,
2430 2807 2476 2838 se

287 2870 465 2911 homines
495 2867 742 2923 describere,
779 2870 918 2923 quales
950 2880 1041 2911 esse
1072 2868 1258 2924 debeant,
1288 2868 1535 2924 Euripidem,
1566 2869 1707 2922 quales
1738 2870 1825 2911 sint.
1886 2869 1934 2911 cf.
1964 2869 2127 2911 Aristot.
2157 2871 2262 2922 poet.
2293 2868 2360 2910 25.
2418 2866 2475 2910 lta

288 2946 391 2985 enim
421 2948 560 2984 natura
590 2949 859 2996 comparatum
889 2948 967 2997 est,
997 2947 1038 2985 ut
1066 2943 1244 2985 homines
1274 2944 1359 2985 fere
1387 2944 1517 2997 magis
1547 2941 1793 2985 oblectentur
1822 2941 2058 2997 tragoediis,
2089 2941 2235 2997 quibus
2256 2942 2415 2996 ingenia
2435 2944 2474 2982 et

288 3029 421 3061 mores
449 3019 648 3060 hominum
677 3019 883 3060 verissime
916 3017 1210 3073 describuntur,
1242 3029 1361 3071 quam
1391 3019 1672 3061 consummatis
1698 3015 1859 3072 quidem
1879 3015 2043 3073 fabulis,
2075 3015 2149 3061 sed
2168 3028 2194 3060 a
2213 3026 2345 3060 rerum
2362 3015 2473 3058 veri-

288 3096 367 3133 tate
396 3090 689 3146 recedentibuS,
720 3092 859 3145 quales
886 3097 975 3133 sunt
995 3091 1188 3144 Aeschyli
1212 3096 1251 3133 et
1273 3090 1495 3145 Sophoclis.
1526 3091 1677 3133 Eadem
1698 3097 1806 3133 certe
1829 3090 1879 3133 de
1899 3103 2023 3134 causa
2044 3091 2169 3134 solius
2189 3090 2386 3143 Euripidis
2406 3090 2474 3131 sa-

287 3166 382 3207 bula
410 3168 586 3220 satyrica
615 3166 744 3209 adhuc
770 3172 968 3221 superest,
1000 3178 1227 3221 quanquam
1248 3170 1288 3209 et
1306 3165 1533 3220 Aeschylus
1553 3169 1593 3209 et
1611 3165 1835 3221 Sophocles
1854 3176 1934 3209 nou
1955 3165 2083 3209 solum
2103 3162 2295 3208 eiusmodi
2314 3161 2473 3206 fabulas

288 3237 563 3295 condiderunt,
581 3240 654 3283 sed
676 3242 810 3295 etiam,
832 3240 938 3294 quod
958 3245 997 3282 et
1018 3239 1067 3283 de
1089 3240 1247 3283 Pratina
1268 3245 1441 3296 constat,
1461 3241 1501 3282 in
1520 3240 1597 3282 hoc
1617 3251 1765 3294 genere
1786 3240 2069 3282 excelluerunt.
2104 3238 2215 3287 Quae
2235 3243 2367 3279 autem
2388 3240 2474 3279 vir-

287 3317 391 3355 tutes
421 3318 488 3354 aut
515 3314 610 3356 vitia
638 3314 854 3369 tragoediis
876 3314 1076 3368 Euripidis
1105 3316 1252 3369 insints
1271 3313 1320 3356 de
1351 3325 1400 3355 ea
1428 3324 1471 3354 re
1490 3314 1644 3355 iudices
1666 3315 1762 3355 artis
1782 3316 1967 3355 scenicae
1989 3314 2215 3366 peritissimi
2230 3317 2271 3354 et
2289 3314 2475 3365 antiquae

288 3391 328 3428 et
356 3387 585 3429 recentioris
616 3390 758 3431 aetatis
787 3390 938 3445 passim
970 3393 1248 3444 exposuerunt.
1308 3387 1390 3431 Sed
1426 3388 1474 3430 de
1512 3387 1690 3442 Cyclope
1733 3388 1818 3429 eius
1855 3398 1972 3429 nemo
2003 3397 2158 3440 eorum,
2205 3386 2312 3440 quod
2340 3387 2477 3439 sciam,

2055 3462 2074 3502 1
