3005 4043
1230 337 1727 382 -n-”oss'lfioffl

384 469 517 504 ωου-
537 458 732 504 mua
758 458 934 514 quide-3
963 458 1271 502 sedzadae'mn
1293 457 1591 514 metuentius
1613 457 1855 499 novenum
1892 457 1962 499 illa
1990 468 2058 499 res
2086 456 2141 498 ab
2166 455 2361 509 Euripide
2390 460 2484 509 apte
2513 461 2578 497 est

383 534 552 583 ima-ta.
570 555 577 571 ι
596 530 761 589 δεινή,
788 537 999 588 postqum
1016 541 1174 587 anagnu
1191 533 1356 576 taetit'u
1380 531 1587 574 confilium
1616 529 1745 572 Ulixis
1772 530 1995 586 audierunt,
2023 531 2195 573 futurum
2224 541 2322 573 esse
2347 534 2502 585 putant,
2531 535 2576 572 ut

384 607 646 663 exalapant>
672 607 790 651 Ulixe
818 607 1032 650 tucidetur
1059 606 1206 650 vetsde
1226 616 1333 660 ,rupe
1361 606 1661 659 praecipitetur3
1689 608 1732 645 at
1758 604 1876 658 longe
1905 606 2019 646 aliter
2048 605 2113 647 bic
2142 616 2215 646 eos
2236 604 2289 646 ad
2309 603 2464 646 ebrium
2484 602 2574 656 Cy—

385 683 544 738 clopem
561 682 698 725 ‘oculor
720 681 976 738 privandum,
999 680 1061 724 vad
1088 681 1224 736 patum
1247 679 1455 731 arb-tem
1483 680 1526 721 in
1549 677 1710 721 oculum
1740 679 1826 720 eius
1855 678 2128 722 intrudendum
2158 678 2350 721 adbibere
2381 679 2501 733 cupit.

498 756 585 800 lam
623 768 722 800 vero
761 758 837 800 lioc
877 757 1045 800 oonsilio
1071 755 1200 799 Ulixis
1234 766 1286 798 ea
1313 766 1410 811 pars
1438 753 1598 797 fabulae
1628 751 1853 807 adducitur,
1896 757 2001 805 quae
2037 746 2321 809 καταστροφή
2351 765 2378 796 a
2406 753 2574 797 Graecis

383 835 559 874 vocatur.
614 832 687 875 Est
714 836 845 874 autem
874 831 942 873 lex
962 833 1068 873 ,artis
1098 832 1301 884 micae,
1323 833 1380 871 ut.
1400 837 1669 882 quecuntpie
1696 825 1832 869 fabula
1862 826 1980 867 talem
2010 826 2154 868 babeat
2183 830 2347 882 exitum,
2384 830 2452 881 qui
2483 830 2574 881 ipsa

382 916 514 949 rerum
544 904 767 948 conditione
797 910 917 959 atque
945 907 1187 947 necessitate
1217 901 1391 957 quadam
1420 900 1657 954 adducatur;
1688 901 1726 941 in
1757 904 1893 941 nostra
1921 900 2041 953 igitur
2071 899 2205 941 fabula
2237 912 2369 943 rerum
2398 901 2572 944 conditio

382 990 432 1022 ea
461 981 515 1022 sit
541 983 715 1034 oportet,
744 983 787 1022 ut
817 978 1010 1032 Cyclopis
1035 977 1155 1020 oculo
1183 986 1262 1018 non
1292 977 1487 1018 exstincto
1518 974 1658 1023 Ulixes
1695 975 1874 1028 sociique
1911 976 1999 1016 eius
2028 973 2191 1015 libem-i
2211 985 2291 1016 non
2311 977 2474 1028 possint.
2522 978 2574 1018 At

382 1052 446 1095 vel
476 1051 608 1094 veloci
637 1051 757 1095 oculo,
782 1061 850 1094 res
879 1051 1075 1104 spectanti
1103 1054 1287 1104 apparet,
1318 1048 1373 1090 ad
1401 1048 1571 1090 salutem
1602 1048 1731 1089 Ulixis
1762 1050 1919 1089 minime
1949 1059 2043 1089 esse
2063 1052 2352 1102 necessarium,
2384 1048 2574 1102 Cyclopis

382 1125 543 1168 oculum
572 1125 698 1167 exuri.
756 1124 858 1165 Nam
887 1125 922 1166 si
953 1123 1092 1166 Ulixes
1121 1133 1210 1166 cum
1240 1124 1362 1165 sociis
1383 1122 1620 1175 Satyrisque
1649 1123 1818 1164 salutem
1848 1127 1996 1163 tantum
2027 1123 2205 1175 reperire
2235 1121 2437 1176 studebat,
2469 1121 2577 1174 quod

382 1199 594 1243 consilium
622 1211 659 1240 v.
687 1197 785 1240 480.

930 1267 1075 1311 καίτοι
1108 1261 1296 1326 φύγοιμ’
1329 1263 1393 1319 ἂν,
1421 1263 1650 1325 κᾶκβέβηκ’
1681 1263 1841 1325 ἄντρου
1874 1269 2037 1322 μυχῶν·

381 1347 538 1400 Satyris
568 1347 711 1401 aperit,
755 1344 932 1399 Cyclope
962 1348 1055 1387 vino
1086 1355 1283 1399 oppresso
1312 1349 1354 1386 et
1382 1345 1533 1400 sopito,
1561 1355 1682 1399 quum
1713 1355 1886 1386 caverna
1915 1356 2016 1386 saxo
2048 1356 2124 1386 non
2156 1349 2265 1387 esset
2292 1344 2447 1397 clausa,
2479 1345 2574 1397 quid

381 1421 585 1476 obstabat,
632 1422 840 1474 quominus
870 1425 910 1462 et
939 1419 1079 1462 Ulixes
1112 1430 1200 1462 cum
1230 1421 1350 1462 sociis
1381 1424 1420 1460 et
1449 1419 1609 1461 Silenus
1640 1430 1728 1461 cum
1760 1419 1916 1472 Satyris
1946 1418 1998 1461 ad
2029 1431 2170 1460 navem
2200 1419 2488 1472 confugerent?
2534 1418 2576 1460 Si

381 1507 480 1538 vero
511 1494 731 1548 Cyclopem
761 1506 834 1548 pro
864 1493 1015 1537 crudeli
1045 1504 1143 1536 nece
1174 1493 1340 1536 duorum
1370 1495 1568 1537 sociorum
1598 1494 1738 1536 ulcisci
1767 1493 1970 1548 cupiebat,
2007 1492 2114 1547 quod
2147 1506 2181 1536 v.
2212 1495 2292 1535 471

1087 1561 1218 1608 ἄκουε
1247 1558 1301 1621 δή
1332 1581 1424 1615 νυν,
1456 1557 1505 1621 ἢν
1535 1562 1621 1618 ἔχω
1652 1565 1870 1621 τιμωρίαν

1088 1634 1232 1696 θηρὸς
1260 1632 1506 1696 πανὸυργου

384 1715 600 1771 significat,
643 1719 686 1757 ut
715 1713 857 1769 dignas
887 1725 1040 1769 poenas
1069 1725 1143 1768 pro
1174 1718 1279 1755 tanta
1310 1713 1499 1756 facinoris
1529 1715 1734 1757 atrocitate
1764 1714 1907 1769 lueret,
1950 1720 2075 1756 morte
2118 1725 2207 1757 eum
2237 1714 2396 1757 afficere
2429 1714 2575 1757 debuit.

384 1789 532 1843 Neque·
565 1790 669 1831 enim
709 1789 825 1829 aliter
858 1789 960 1828 iuter
988 1788 1123 1829 scelus
1153 1793 1194 1830 ct
1223 1799 1393 1842 poenam
1422 1793 1532 1829 recta
1563 1792 1602 1828 et
1631 1789 1735 1829 iusta
1763 1789 1864 1828 ratio
1894 1788 2111 1828 intercedit.
2170 1789 2316 1828 Verum
2346 1788 2453 1841 apud
2484 1789 2574 1829 Ho-

383 1857 736 1906 merumrnecesse
765 1866 844 1916 est,
875 1860 1092 1915 Cyclopem
1122 1862 1239 1904 oculo
1269 1862 1426 1916 privari.
1487 1860 1616 1910 Quum
1647 1863 1750 1903 enim
1778 1860 1954 1915 Cyclops
1984 1864 2131 1915 ingenti
2162 1873 2277 1916 saxo,
2309 1862 2412 1916 quod
2435 1862 2575 1904 Ulixes

385 1947 475 1979 cum
504 1937 627 1979 sociis
656 1945 844 1977 amovere
874 1935 979 1977 baud
1009 1940 1190 1988 possent,
1235 1946 1400 1989 specum
1431 1935 1662 1988 clausisset,
1709 1934 1875 1991 duarum
1905 1946 2036 1976 rerum
2067 1935 2191 1976 altera
2222 1936 2305 1977 fieri
2335 1936 2489 1990 debuit,
2534 1942 2577 1977 ut

385 2008 526 2053 Ulixes
556 2013 626 2053 aut
655 2020 701 2052 se
731 2007 917 2052 devorari
944 2007 995 2051 ab
1026 2009 1102 2051 ista
1132 2007 1252 2051 belua
1280 2012 1482 2062 pateretur
1512 2012 1577 2050 aut
1610 2006 1787 2063 Cyclope
1816 2009 2021 2050 interfecto
2051 2010 2089 2050 in
2120 2008 2297 2051 ciborum
2327 2011 2461 2064 inopia
2498 2014 2578 2051 mi-

388 2085 558 2128 serrima
588 2088 714 2127 morte
744 2085 904 2139 periret.
946 2083 1003 2126 lta
1022 2084 1140 2137 igitur
1158 2088 1244 2126 erat
1259 2093 1331 2127 res
1351 2082 1631 2138 excogitanda,
1662 2088 1704 2126 ut
1725 2088 1762 2125 et
1783 2082 1955 2137 Cyclops
1982 2084 2153 2137 amplius
2173 2094 2320 2126 nocere
2341 2095 2420 2126 non
2440 2090 2580 2138 posset

388 2165 429 2203 et
458 2158 601 2203 Graeci
630 2163 902 2213 servarentur3
934 2157 1042 2213 quod
1070 2163 1277 2212 utrumque
1307 2156 1485 2212 Cyclope
1516 2163 1730 2201 excaecato
1760 2158 1842 2200 fieri
1865 2160 2000 2212 potuit.
2046 2158 2153 2212 Ergo
2177 2158 2279 2200 baec
2300 2168 2396 2213 pars
2418 2158 2579 2200 fabulae

384 2232 624 2288 Euripideae
663 2232 822 2287 legibus
860 2233 957 2275 artis
986 2233 1171 2275 scenicae
1200 2242 1279 2275 non
1309 2232 1533 2287 respondet.
1592 2232 1799 2287 Euripides
1829 2238 1959 2275 autem
1992 2233 2068 2275 bae
2097 2234 2136 2274 in
2167 2243 2210 2274 re
2241 2233 2456 2275 Homerum
2488 2233 2577 2274 ideo

384 2308 557 2350 fortasse
587 2313 751 2350 secutus
782 2312 859 2362 est,
890 2317 938 2348 ne
970 2308 1056 2348 eius
1085 2306 1413 2363 fabulam„quae
1443 2306 1624 2348 omnibus
1645 2306 1805 2349 Graecis
1835 2308 2039 2348 notissima
2063 2313 2188 2362 esset,
2221 2318 2352 2361 aequo
2374 2308 2465 2361 plus
2486 2319 2579 2348 mu-

387 2385 474 2424 tare
502 2380 715 2424 videretur.

502 2455 636 2507 Satyri
666 2459 814 2508 autem,
862 2465 1029 2507 quorum
1058 2455 1205 2495 auxilio
1235 2454 1374 2495 Ulixes
1404 2458 1460 2494 uti
1491 2456 1663 2509 volebat,
1693 2466 1836 2508 magna
1866 2467 1954 2495 cum
1985 2457 2196 2496 iactatione
2228 2466 2318 2496 eum
2348 2467 2394 2495 se
2424 2456 2578 2495 fortiter

385 2528 590 2571 adiuturos
616 2528 798 2582 adeoque
828 2540 928 2569 onus
958 2534 1113 2570 centum
1143 2539 1347 2570 carrorum
1376 2528 1602 2571 sublaturos
1632 2541 1723 2571 esse
1753 2531 1989 2588 promittunt.
2050 2528 2137 2577 Quo
2168 2530 2275 2571 facto
2305 2529 2445 2571 Ulixes
2475 2530 2577 2569 intro

386 2603 484 2657 abit;
513 2602 689 2644 lascivus
718 2607 849 2644 autem
879 2603 1026 2644 chorus
1057 2601 1231 2656 lepidum
1266 2614 1427 2644 carmen
1457 2605 1577 2658 canit,
1622 2615 1701 2656 quo
1730 2605 1860 2646 vinum
1890 2608 2009 2656 atque
2039 2614 2214 2645 amorem
2245 2603 2457 2645 celebrans
2488 2602 2578 2655 Cy-

386 2678 562 2730 clopem,
603 2677 670 2729 qui
701 2687 850 2717 canens
879 2687 930 2716 ex
961 2687 1085 2729 specu
1114 2675 1263 2730 prodit,
1298 2688 1387 2717 cum
1417 2677 1542 2718 ironia
1573 2678 1928 2719 commissationem
1959 2676 2111 2718 doceat.

505 2749 588 2790 Iam
619 2748 796 2802 Cyclops
824 2759 984 2790 carmen
1015 2759 1162 2789 canens
1191 2759 1279 2789 cum
1310 2750 1467 2802 ingenio
1498 2752 1602 2804 eius,
1650 2751 1762 2791 cuius
1795 2761 1972 2791 summus
2003 2749 2103 2791 deus
2133 2755 2272 2791 venter
2301 2756 2379 2804 est,
2412 2753 2577 2805 egregie

387 2823 647 2876 conveniens,
690 2831 778 2864 cum
809 2821 925 2864 Ulixe
966 2825 1005 2863 et
1034 2821 1168 2863 Sileno
1197 2831 1249 2862 ex
1277 2831 1402 2875 specu
1430 2821 1470 2863 in
1499 2832 1659 2863 scenam
1690 2821 1950 2876 progreditur.
2017 2822 2175 2865 Chorus
2207 2835 2298 2866 eum
2329 2823 2469 2878 pulcro
2499 2836 2578 2867 ex-

387 2897 482 2951 cipit
511 2896 700 2950 carmine,
732 2905 827 2949 quo,
861 2906 979 2949 quum
1011 2893 1184 2948 Cyclops
1215 2905 1303 2937 cum
1333 2906 1484 2949 sponsa
1514 2895 1746 2938 deducenda
1776 2903 2046 2953 comparetur,
2078 2898 2285 2940 consilium
2305 2898 2436 2942 Ulixis
2475 2906 2577 2942 tecte
2624 2928 2628 2934 .

391 2970 610 3015 denotatur.
668 2968 951 3023 Colloquuntur
980 2968 1123 3012 deinde
1155 2968 1330 3024 Cyclops
1359 2974 1398 3013 et
1418 2961 1572 3047 Ulyxes
1602 2972 1700 3013 satis
1732 2971 1874 3026 frigide
1904 2971 1954 3014 de
1983 2971 2143 3015 Baccho
2174 2971 2320 3031 (vino)
2350 2979 2389 3016 et
2420 2974 2468 3016 de
2498 2975 2574 3015 lia-
2606 2971 2624 3027 ζ

387 3045 578 3089 bitatione
609 3045 695 3087 eius
725 3042 872 3100 (utre).
930 3044 1028 3087 Tum
1049 3042 1225 3099 Cyclops
1254 3045 1387 3087 vinum
1418 3056 1506 3088 oum
1538 3045 1722 3089 fratribus
1752 3048 2044 3090 communicare
2066 3053 2196 3103 parat,
2229 3049 2335 3103 quod
2365 3060 2416 3092 ne
2446 3050 2573 3103 faeiat,

388 3119 527 3163 Ulixes
557 3124 597 3162 et
626 3118 784 3162 Silenus
814 3118 1035 3174 impediunt
1116 3119 1204 3163 Hac
1240 3131 1399 3175 quoque
1438 3131 1481 3163 re
1514 3119 1688 3175 Cyclops
1721 3120 1960 3176 Euripideus
1991 3122 2042 3164 ab
2074 3122 2286 3166 Homerico
2319 3123 2461 3176 differt,
2510 3122 2575 3165 bic

389 3194 493 3237 enim
518 3192 686 3236 fratrum
716 3192 818 3236 adeo
851 3204 927 3235 non
958 3198 1019 3236 est
1047 3204 1201 3249 amaus,
1249 3199 1293 3236 ut
1321 3195 1359 3236 ei
1389 3205 1439 3236 ne
1468 3195 1508 3237 in
1536 3199 1705 3237 mentem
1737 3195 1897 3249 quidem
1926 3197 2075 3252 veniat,
2113 3199 2199 3239 'eos
2236 3198 2326 3239 vino
2362 3197 2574 3251 impertire,

389 3272 509 3321 atque
538 3268 696 3310 omnino
726 3278 751 3309 a
780 3269 968 3310 societate
998 3268 1164 3309 fratrum
1193 3267 1398 3324 abhorret,
1430 3268 1536 3322 quod
1564 3269 1658 3311 mihi
1688 3280 1778 3311 cnm
1794 3269 1970 3312 moribus
2000 3272 2186 3325 „monstri
2207 3269 2414 3311 horrendi“
2445 3272 2575 3324 magis

390 3345 697 3385 consentaneum
727 3352 820 3384 esse
850 3341 1013 3385 videtur.
1073 3342 1121 3385 cf.
1153 3340 1224 3384 Od.
1257 3339 1291 3392 ί,
1324 3342 1420 3397 188,
1456 3342 1549 3385 189.
1608 3341 1784 3397 Cyclops
1821 3342 1978 3398 deinde,
2022 3355 2140 3397 quum
2176 3343 2282 3385 humi
2313 3354 2359 3385 se
2388 3349 2575 3398 prostra-

389 3415 509 3472 verit,
550 3418 591 3458 ut
630 3414 773 3458 melius
808 3414 946 3458 bibere
977 3416 1124 3470 possit,
1160 3415 1324 3458 ridicule
1355 3416 1588 3470 colloquitur
1617 3427 1706 3459 cum
1736 3417 1891 3472 Sileno,
1931 3418 2014 3471 qui,
2060 3416 2265 3460 infundere
2300 3419 2451 3473 iussus,
2487 3420 2575 3473 ipse
