3005 4043
1338 288 1845 338 mnne-uou-

488 414 582 456 illuc
611 412 787 456 deinum
816 422 922 455 esse.
980 411 1169 476 Cyclops
1190 417 1327 456 autem
1356 412 1603 459 Grum-
1629 418 1773 457 σαι-α
1796 413 1964 457 ‘Bret-
1988 411 2688 474 emim-neniis&-

486 489 546 530 τοι
587 486 707 543 opud·
740 487 958 531 Hunorum
998 489 1166 543 ignum
1206 492 1280 532 est.
1358 488 1456 532 ltin
1484 485 2688 547 ῳωιεςαιη-ωτὴαῶιαᾳιιαισ

484 562 827 617 vennevidae,
849 562 1623 617 ··eoerernmpreculgesturumnen
1656 561 2144 619 sdanonenrbeus,
2173 560 2689 620 unm-mne-

486 635 622 680 scribi.
700 635 787 680 Sed
821 635 1037 691 Euripides
1071 641 1182 679 certe
1213 636 1397 679 eameb
1431 646 1519 679 mni
1556 636 1599 679 id
1632 637 1853 693 item,
1898 629 2687 739 nime-*omnm

487 714 627 764 posset
655 710 910 754 maletlieere.
937 711 989 754 os.
1018 721 1146 766 snpra
1172 723 1208 753 v.
1241 711 1325 753 179
1353 721 1408 755 ss.
2740 706 2743 708 ’

600 784 702 826 Tum
728 786 851 826 nimis
875 784 997 838 longo
1024 793 1211 826 sermone
1242 783 1383 827 Ulixes
1412 782 1633 838 cyclopen
1661 792 1737 838 per
1764 734 1993 839 Neptun—
2016 790 2196 839 μαιῖαιιι
2205 789 2320 841 oret,
2354 789 2406 831 ιιι
2425 785 2505 829 sibi
2532 743 2693 844 μαῖαι,

487 858 756 915 precibusque
784 859 871 900 suis
900 867 953 900 eo
979 857 1098 900 finem
1125 859 1306 913 imponit,
1351 856 1462 912 quod
1490 853 1676 914 affirmat,
1718 858 1873 905 lucium
1913 859 2057 902 hiluste·
2081 863 2248 914 partun
2267 860 2357 903 iam
2372 859 2515 905 multis
2544 860 2689 912 dumne

485 934 632 987 ruisse3
675 943 780 988 quae
823 934 1023 975 sententia
1058 932 1111 975 ad
1151 942 1249 975 rein
1268 933 1399 987 ipsam
1426 933 1586 976 mininie
1614 934 1795 987 pertinet
1853 931 1973 985 Quid
1979 934 2094 977 enini
2121 933 2225 979 lueri
2253 933 2434 989 Cyclope
2461 933 2591 978 Ulixe
2609 946 2689 979 ue·-

486 1006 616 1049 cando
655 1009 695 1047 et
734 1005 964 1048 devorando
1006 1005 1084 1047 sibi
1120 1014 1266 1059 parere
1296 1005 1459 1059 potest?
1508 1004 1592 1048 Sed
1620 1015 1703 1060 qua
1729 1016 1777 1049 re
1809 1005 1995 1052 induem
2021 1006 2591 1065 Eurlpidesenm-udiecerit,
2635 1017 2689 1052 ex

485 1081 594 1121 initio
620 1082 828 1132 sequent·
858 1080 1004 1121 cantici
1034 1078 1227 1133 Cyclopis
1258 1080 1357 1122 satis
1386 1083 1566 1132 apparet.
1623 1079 1734 1123 Bene
1763 1081 1918 1123 interea
1945 1080 2119 1124 sucum
2137 1077 2355 1136 Cyclopem
2414 1080 2690 1138 idnfflnonet,

484 1158 524 1195 ut
571 1153 743 1206 primum
793 1154 969 1196 omnium
1018 1153 1199 1208 linguam
1244 1152 1375 1197 Ulixis
1421 1154 1626 1210 comedat,
1668 1162 1776 1209 qnae
1824 1164 1915 1197 euni
1962 1154 2154 1199 &sertim
2197 1159 2239 1198 et
2280 1155 2489 1210 loquacem
2514 1155 2689 1200 'reddat

482 1227 583 1269 Tum
630 1226 807 1282 Cyclops
852 1227 961 1270 Ulixi
1005 1228 1099 1270 item
1144 1230 1261 1270 nimis
1304 1229 1429 1283 longo
1472 1240 1522 1271 ae
1563 1227 1738 1271 verboso
1781 1238 1969 1271 sermone
2018 1228 2257 1284 respondet,
2310 1228 2467 1273 divitias
2520 1231 2690 1285 snpien-

483 1302 579 1348 tium
609 1301 811 1343 hominum
843 1301 960 1344 deum
990 1312 1102 1356 esse;
1133 1301 1232 1344 deos
1261 1312 1307 1344 se
1337 1303 1457 1356 plane
1486 1303 1714 1357 negligere,
1742 1303 1838 1357 quin
1869 1303 1987 1344 etiam
2016 1303 2191 1356 nescire,
2221 1313 2315 1345 num
2344 1302 2494 1357 Iupiter
2520 1301 2612 1358 ipso
2638 1305 2690 1347 sit

484 1376 628 1429 maior,
659 1379 793 1418 omnia
822 1377 903 1418 alia
931 1376 1010 1418 sibi
1039 1388 1160 1419 curae
1191 1386 1270 1419 non
1301 1387 1411 1431 esse3
1442 1379 1479 1420 si
1508 1378 1613 1419 enim
1642 1377 1774 1431 pluat,
1804 1376 1880 1419 sub
1910 1375 2079 1430 rupibus
2106 1375 2183 1419 sibl
2208 1381 2279 1419 eut
2296 1388 2443 1432 agnum
2465 1389 2601 1420 assum
2622 1385 2690 1421 aut

483 1451 609 1492 feram
639 1449 773 1493 edenti
803 1455 930 1504 atque·
951 1455 1131 1494 ventrem
1161 1450 1266 1493 bene
1295 1453 1475 1505 irriganti
1504 1455 1629 1494 tutum
1657 1451 1883 1505 perfugium
1924 1460 2040 1505 esse;
2087 1451 2149 1494 dn
2185 1455 2324 1493 autem
2363 1450 2520 1494 Boreas
2556 1453 2691 1494 nivem

483 1524 676 1578 demittat,
707 1523 884 1578 pellibus
914 1524 1090 1566 ferarum
1120 1523 1299 1567 indutum
1329 1529 1451 1579 atque
1479 1525 1613 1579 ignem
1641 1524 1851 1567 facientem
1880 1524 1984 1567 nivis
2007 1523 2155 1567 nullum
2174 1534 2312 1567 curam
2330 1535 2380 1566 se
2401 1523 2569 1579 hahere3
2601 1529 2690 1568 ter-

483 1608 570 1640 ram
599 1608 697 1641 vero
726 1599 966 1640 necessitate
997 1602 1177 1641 coactam
1208 1598 1344 1640 herbis
1374 1597 1625 1652 proferendis
1653 1608 1806 1652 pecora
1835 1608 1910 1639 sua
1940 1596 2068 1652 alere,
2109 1607 2279 1652 quoium
2307 1597 2458 1640 nullum
2489 1597 2583 1653 diis,
2613 1600 2689 1642 nisi

485 1672 612 1713 ventri
641 1682 734 1726 suo,
764 1682 920 1713 summo
950 1670 1044 1726 deo,
1074 1682 1122 1713 se
1152 1671 1375 1726 immolare;
1411 1672 1579 1727 singulis
1608 1682 1707 1714 vero
1736 1670 1878 1714 diebus
1908 1675 1948 1713 et
1977 1669 2100 1713 edere
2128 1674 2171 1716 et
2198 1669 2338 1713 bibere
2357 1679 2489 1725 neque
2508 1672 2620 1726 angi,
2649 1671 2690 1714 id

483 1744 614 1786 solum
653 1745 788 1786 Iovem
826 1755 931 1786 esse.
991 1743 1090 1795 Quis
1130 1750 1264 1788 autem
1304 1746 1499 1789 eiusmodi
1535 1747 1713 1800 argutias
1753 1750 1794 1788 et
1833 1748 1982 1788 tantuin
2016 1745 2302 1799 loquacitatem
2337 1755 2366 1787 a·
2393 1743 2585 1799 Cyclope·
2608 1755 2689 1788 ex-

485 1820 655 1873 spectet!
687 1819 790 1861 Tota
821 1820 983 1861 omnino
1012 1820 1100 1861 eius
1131 1821 1257 1862 oratio
1287 1825 1458 1862 aetatem
1489 1820 1570 1862 olet
1597 1819 1884 1874 sophistarum,
1914 1830 1938 1861 a
1969 1829 2137 1872 quorum
2158 1817 2458 1862 demonstiundi
2475 1820 2630 1862 ratione
2647 1823 2690 1862 et

484 1894 573 1946 ipse
612 1891 827 1945 Euripides
874 1902 955 1933 non
998 1892 1258 1935 abhorruisse
1300 1893 1467 1936 videtur.
1533 1891 1690 1942 Quanto
1731 1894 1865 1935 verius
1906 1892 2105 1935 floruerus
2140 1891 2362 1945 Cyclopem
2398 1891 2497 1934 deos
2537 1892 2687 1934 idcirco

482 1969 800 2008 contemnentem
829 1965 942 2020 facit,
973 1964 1082 2019 quod
1113 1965 1264 2009 viribus
1296 1965 1371 2009 diis
1400 1966 1585 2020 superior
1612 1966 1680 2008 sit!
1710 1964 1886 2008 Tandem
1908 1964 2086 2020 Cyclops
2118 1965 2236 2009 finem
2265 1964 2454 2020 loquendi
2477 1966 2572 2008 facit
2591 1976 2690 2008 nar-

484 2038 628 2095 rando,
673 2039 875 2093 quomodo
905 2038 1067 2082 Ulixem
1117 2033 1401 2083 sitssixaturus
1439 2044 1479 2083 et
1518 2050 1764 2083 comesurus,
1823 2039 2037 2095 Euripides
2072 2040 2253 2094 proiecto
2296 2038 2514 2095 Cyclopem
2551 2051 2689 2084 verum

485 2113 711 2156 carnificem
741 2114 838 2156 facit
866 2118 986 2168 atque
1017 2124 1068 2156 ea
1099 2124 1260 2169 quoque
1290 2125 1334 2157 re
1365 2113 1416 2157 ab
1447 2114 1698 2169 simplicitate
1728 2114 1890 2157 Homeri
1908 2114 2006 2157 sine
2036 2113 2119 2157 ulla
2149 2123 2274 2157 cansa
2302 2114 2462 2157 recedit.
2512 2113 2689 2169 Cyclops

484 2187 628 2231 deinde
672 2193 712 2231 et
751 2188 872 2242 paulo
912 2193 1004 2243 post
1033 2187 1177 2231 Ulixes
1214 2190 1254 2231 in
1290 2199 1456 2244 specum
1502 2188 1659 2231 abeunt
1719 2188 1874 2231 lnterea
1913 2189 2060 2231 chorus
2097 2198 2186 2231 cum
2220 2188 2349 2232 ironia
2385 2186 2605 2243 Cyclopem
2636 2187 2689 2232 ad

483 2261 662 2303 membra
706 2263 906 2317 hospitum
944 2262 1194 2304 comedenda
1229 2263 1473 2317 cohortatur,
1521 2262 1688 2317 deinde,
1731 2262 1850 2316 plane
1881 2271 1932 2304 ex
1962 2271 2095 2304 rerum
2125 2260 2367 2316 conditione,
2412 2271 2501 2304 eam
2530 2266 2689 2317 terram,

482 2338 608 2395 cuius,
624 2336 780 2378 incolae
813 2335 1042 2379 detestabili
1073 2336 1312 2379 crudelitate
1342 2337 1522 2390 hospites
1552 2336 1762 2390 devorent,
1793 2335 2019 2388 relinquere
2051 2336 2169 2389 cupit.

598 2411 754 2463 Ulixes,
787 2411 854 2450 ubi
884 2421 935 2450 ex
955 2421 1081 2463 specu
1109 2411 1244 2464 rediit,
1275 2411 1399 2450 choro
1429 2413 1580 2461 narrat,
1610 2409 1775 2461 quaein
1798 2419 1847 2449 eo
1867 2408 1972 2449 sacta
1992 2409 2085 2449 sint:
2118 2407 2338 2462 Cyclopem
2362 2407 2463 2449 duos
2487 2419 2539 2450 ex
2559 2409 2683 2451 sociis

484 2486 563 2525 suis
594 2483 842 2537 trucidasse,
874 2484 1067 2537 elixasse,
1100 2485 1243 2536 partim
1273 2484 1485 2537 torruisse,
1517 2482 1763 2535 comedisse3
1810 2483 1848 2523 in
1879 2481 2026 2536 quibus
2054 2481 2178 2524 rebus
2207 2481 2505 2538 describendis,
2537 2488 2578 2524 nt
2607 2484 2686 2524 iarn

486 2569 604 2610 supra
634 2557 1018 2613 demonstravimus,
1063 2557 1278 2612 Euripides
1319 2569 1408 2599 cnm
1445 2556 1650 2611 voluptate
1681 2555 1853 2610 quadam
1880 2557 2036 2597 versari
2065 2556 2232 2598 videtur.
2292 2558 2345 2599 At
2372 2557 2547 2599 lectores
2576 2557 2688 2611 poli-

486 2632 606 2673 tiores
644 2633 692 2673 iis
737 2637 845 2673 certe
884 2643 964 2673 non
995 2630 1252 2673 delectantur.
1313 2630 1413 2672 Sunt
1442 2631 1566 2685 enim,
1596 2636 1640 2671 ut
1669 2631 1708 2670 in
1739 2632 1845 2671 omni
1874 2641 2023 2684 genero
2052 2632 2209 2685 poesis,
2244 2632 2303 2673 sic
2333 2632 2451 2673 etiam
2480 2632 2521 2672 in
2550 2630 2687 2674 rabula

488 2707 660 2756 satyrica
690 2707 785 2746 certi
816 2705 914 2746 fines
944 2707 1163 2759 constituti3
1193 2710 1308 2746 extra
1338 2715 1441 2758 quos
1472 2706 1507 2745 si
1538 2708 1657 2757 poeta
1687 2713 1879 2757 egressus
1907 2709 1988 2759 est,
2018 2713 2210 2746 nauseam
2229 2704 2520 2758 spectatoribus
2541 2708 2684 2747 movet.

488 2777 607 2833 Apud
635 2778 848 2821 Homerum
878 2778 1055 2834 Cyclops
1084 2784 1145 2821 ter
1175 2778 1276 2821 dnos
1307 2788 1358 2820 ex
1388 2779 1511 2820 sociis
1534 2777 1664 2820 Ulixis
1694 2777 1922 2820 interlectos
1953 2777 2140 2832 comedit,
2172 2777 2279 2832 apud
2298 2777 2527 2832 Euripidem
2547 2778 2686 2834 semel,

487 2852 596 2908 quod
625 2864 713 2894 cum
757 2853 1008 2907 simplicitate
1043 2855 1266 2916 argumenti
1304 2852 1511 2895 dramatici
1541 2853 1672 2906 magis
1699 2853 1895 2895 convenit.
1954 2852 2112 2908 Ulixes,
2157 2852 2266 2907 loqui
2303 2863 2495 2908 pergens,
2542 2863 2685 2907 quum,

486 2926 596 2982 quod
636 2926 714 2969 sibi
742 2928 783 2969 in
810 2931 982 2970 mentem
1013 2928 1164 2970 venerit
1192 2926 1405 2970 consiliunt
1431 2925 1604 2970 divinum
1636 2924 1805 2980 Cyclopi
1847 2927 1979 2969 vinum
2018 2925 2228 2983 offerendi,
2275 2913 2431 2980 Satyris
2468 2927 2685 2981 aperuerit,

484 3004 565 3045 iam
596 3001 749 3044 ebrium
778 3012 869 3044 eum
900 3011 994 3044 esse
1028 3005 1149 3056 atque
1190 3000 1335 3055 gaudio
1376 3006 1540 3044 cantare
1578 2999 1689 3055 dicit;
1732 3001 1774 3043 in
1815 3001 1946 3044 animo
1968 3001 2054 3044 sibi
2082 3010 2194 3057 esse,
2242 3006 2282 3043 et
2309 3011 2355 3043 se
2378 3001 2515 3053 ipsum
2544 3004 2585 3042 et
2614 3009 2686 3042 eos

486 3086 667 3132 servare,
700 3074 914 3118 dummodo
928 3069 1084 3129 velint3
1115 3074 1239 3118 Sileni
1268 3075 1418 3117 auxilio
1449 3085 1494 3117 se
1523 3074 1578 3117 uti
1606 3086 1684 3117 non
1713 3085 1853 3130 posse,
1893 3080 2030 3129 utpote
2066 3076 2134 3129 qui
2167 3085 2242 3129 per
2260 3072 2680 3118 senectutemxviribus

487 3154 622 3192 careat
649 3161 726 3192 nec
750 3160 781 3191 -a
811 3149 967 3204 poculis
997 3148 1173 3191 abstrahi
1204 3149 1341 3203 possit.
1400 3148 1508 3190 Satis
1537 3148 1666 3190 facete
1697 3153 1759 3190 est
1786 3150 2070 3204 excogitatum,
2100 3149 2286 3191 Silenum·
2308 3148 2349 3189 in
2375 3156 2531 3189 summo
2546 3145 2685 3190 Grae-

488 3234 622 3265 corum
651 3223 877 3266 discrimine
907 3223 1174 3277 periculorum
1204 3224 1475 3265 immemorem
1508 3223 1600 3264 vino
1629 3232 1675 3263 se
1697 3221 1812 3276 dare,
1842 3228 1981 3265 contra
2006 3221 2165 3265 timidos
2186 3223 2307 3274 atque
2327 3221 2493 3274 ignavos
2513 3220 2683 3274 Satyros

489 3295 541 3338 ad
567 3297 777 3340 immanem
808 3297 1028 3352 Cyclopem
1060 3288 1298 3340 domandum
1329 3297 1491 3338 arcessi.
1552 3298 1605 3338 At
1633 3295 1775 3337 dixerit
1804 3296 2019 3349 quispiam,
2056 3295 2180 3349 Ulixi,
2216 3302 2337 3348 quum
2374 3296 2573 3337 sociorum
2603 3302 2683 3347 ope

485 3371 606 3415 liceat
633 3374 705 3425 uti,
736 3371 879 3425 quibus
905 3371 1006 3414 solis
1026 3372 1255 3414 iuvantibus
1278 3370 1385 3424 apud
1406 3369 1622 3413 Homerum
1653 3368 1870 3423 Cyclopem
1901 3379 2066 3412 caecum
2095 3367 2255 3424 reddat,
2285 3368 2441 3423 Satyris
2470 3378 2573 3422 opus
2603 3378 2685 3410 non
