3005 4043
1343 278 1845 323 ”mitet-ew

490 405 748 453 tyrol-umque
777 402 818 441 et
844 398 974 442 Ulixis
1004 397 1234 460 colloquiis,
1278 399 1348 453 qui
1374 399 1574 444 sint-eius
1601 410 1766 455 mes,
1800 397 2224 458 ab-de,..·ppareat;„
2255 405 2351 449 ian
2369 404 2691 459 itm

488 477 627 527 partes
656 483 781 528 agere
810 483 892 516 non
920 475 1087 526 oportet.
1145 471 1287 518 Ulixes
1315 476 1467 529 autem,
1509 471 1839 529 qums-mos
1861 474 2690 533 :comunitpadallaeffl-nbeuaee

485 547 652 590 veiu'sse
677 551 807 602 ratus,
850 545 984 589 cibun
1010 546 1065 588 ab
1091 547 1144 589 iis
1171 556 1305 588 emere
1335 547 1455 600 cupit.
1479 544 1603 595 r,Qua
1628 556 1677 588 re
1702 544 2000 600 Euripideum
2026 546 2379 606 mahtai,
2422 551 2688 608 qui-mnia

483 618 579 663 inm
605 618 880 675 egredientem
908 618 1098 676 ramat
1124 617 1177 661 ab
1207 617 1470 664 montaneas
1497 629 1643 663 munus
1670 609 2279 675 mahnaim-..enm
2300 618 2599 680 tammam.
2618 621 2706 668 ,ιιι

486 693 537 736 de
576 693 954 741 sabula-Homerica
988 691 1200 747 Euripides
1229 695 1339 734 certe
1372 701 1423 734 ea
1453 691 1504 736 de
1535 702 1661 736 eausa
1688 694 1960 750 commutavit,
2002 692 2126 748 quod.
2141 692 2300 750 Ulixes,
2336 697 2374 739 si
2402 696 2688 755 muneris-iffi

483 768 637 821 spitalis
667 766 889 821 accipiendi
918 776 1045 808 eausa
1064 776 1089 807 e
1107 766 1200 807 navi
1229 774 1424 818 egressus
1453 769 1581 820 esset,
1611 777 1734 819 quum
1764 778 1801 811 a,
1819 767 1957 811 Sileno
1987 766 2207 823 Cyclopem
2238 778 2381 813 ornnes
2405 768 2688 816 advenae-de-

483 851 627 883 vorare
662 840 857 895 audisset,
893 840 1027 882 statim
1062 848 1208 882 navem
1246 838 1566 893 conscendisset3
1612 851 1694 893 qna
1727 851 1773 883 re
1809 845 1895 884 tota
1925 841 2032 884 haee
2064 839 2206 886 fabula
2231 847 2347 898 esset
2372 842 2543 887 mata.
2569 845 2689 903 ..Sed

482 915 587 958 rame
617 915 793 958 cruciato
822 912 972 956 tamdiu
998 912 1143 956 saltem
1170 912 1213 954 in
1240 912 1374 956 insula
1404 915 1469 956 est
1486 912 1751 970 manendum,
1795 912 1889 957 dum
1927 913 2041 960 eibos
2074 915 2237 971 aliquos
2266 926 2293 959 a
2320 915 2459 961 sueno
2486 921 2687 966 memus

480 992 542 1033 sit.
600 989 752 1042 ltaque,
783 987 878 1031 dum
904 987 964 1030 illi
991 988 1265 1042 paciscuntur,
1293 985 1472 1041 Cyclops
1501 987 1762 1041 supervenire
1791 991 1934 1042 potest.
1985 988 2100 1032 Haec
2127 989 2440 1044 igitur-mutatio
2473 990 2594 1037 valde,
2623 996 2687 1035 est

478 1062 687 1107 laudanda.
747 1061 873 1106 Porro
910 1060 1030 1116 plane
1066 1071 1120 1105 ex
1155 1063 1300 1105 natura
1334 1059 1460 1105 Sileni
1494 1059 1624 1105 fletum
1655 1067 1734 1118 est,
1778 1073 1889 1118 eum,
1930 1064 2119 1118 quamvis
2147 1064 2237 1118 ipse
2264 1075 2413 1119 magna
2442 1066 2603 1110 miseria
2633 1067 2686 1109 sit

477 1137 664 1191 afflictus,
693 1140 827 1179 tamen
856 1135 1018 1179 Ulixem
1053 1140 1219 1189 propter
1248 1139 1289 1178 et
1317 1135 1598 1188 loquacitatem
1628 1140 1669 1178 et
1697 1137 1891 1190 originem
1924 1137 2092 1180 irridere
2120 1139 2269 1181 conari.
2328 1150 2365 1180 v.
2399 1138 2499 1181 104:

1052 1200 1125 1253 old
1154 1200 1293 1265 ἄνδρα
1321 1200 1553 1264 κρόταλον,
1581 1205 1716 1264 dolui)
1746 1200 1948 1264 Σισύφου
1980 1208 2110 1265 γένος.

593 1271 649 1327 Ιιι
668 1285 854 1339 sequenti
884 1283 1085 1338 colloquio
1115 1282 1256 1327 Ulixes
1288 1281 1442 1338 Sileno,
1474 1292 1553 1337 quo
1583 1282 1701 1326 modo
1732 1282 1827 1327 illuc
1857 1282 2014 1327 delatus
2042 1284 2109 1340 sit,
2137 1282 2296 1327 Silenus
2331 1282 2456 1339 Ulixi,
2489 1285 2605 1329 cuius
2626 1297 2683 1332 *ea

475 1363 583 1401 terra
614 1359 682 1413 sit,
729 1357 950 1412 Cyclopum
984 1356 1312 1401 consuetudinem
1341 1357 1446 1400 vitae
1475 1367 1706 1412 moremque
1738 1367 1877 1401 omnes
1906 1355 2086 1401 advenas
2128 1355 2347 1401 devorandi
2377 1359 2517 1411 paucis
2547 1369 2680 1414 expo-

476 1435 543 1476 nit.
617 1432 773 1476 Deinde
805 1431 947 1476 Ulixes
978 1432 1070 1475 vino
1101 1442 1126 1474 a
1153 1431 1320 1474 Marone
1356 1436 1524 1486 accepto
1561 1443 1707 1475 caseos
1743 1436 1865 1487 atque
1904 1443 2004 1476 oves
2040 1443 2066 1477 a
2098 1430 2236 1478 Sileno
2273 1437 2486 1477 mercatur.
2515 1476 2519 1478 ,
2563 1431 2681 1483 Quod

475 1514 609 1549 autem
640 1507 800 1548 Silenus
828 1506 997 1559 primum
1040 1518 1077 1547 v.
1109 1505 1192 1547 122
1223 1505 1334 1559 ιιιοιι,
1381 1504 1583 1558 Cyclopes
1612 1506 1735 1560 lacte,
1782 1507 1932 1560 caseis,
1971 1516 2160 1559 pecorum
2191 1515 2311 1548 earne
2341 1507 2513 1561 vivere,v
2537 1506 2681 1551 deiude

475 1593 509 1622 v.
544 1580 627 1622 130
652 1579 946 1638 Polyphemum
977 1589 1067 1621 cum
1096 1577 1265 1621 canibus
1294 1578 1405 1620 feras
1434 1584 1623 1621 venatum
1652 1580 1791 1633 ivisse,
1837 1590 1917 1632 qua
1947 1589 1991 1621 re
2021 1578 2072 1621 ab
2103 1578 2279 1622 Homero
2307 1578 2523 1632 Euripides
2552 1578 2682 1622 differt

473 1658 595 1707 atque
625 1664 764 1696 secum
794 1663 977 1707 pugnare
1012 1651 1186 1707 videtur,
1237 1651 1410 1694 fortasse
1447 1656 1567 1706 poeta
1607 1651 1752 1706 dignus
1792 1651 1989 1708 videatur,
2039 1654 2106 1706 qui
2147 1651 2472 1711 reprehendatur.
2546 1652 2681 1708 Recte,

473 1733 663 1781 quantum
692 1738 771 1781 ego
797 1726 947 1780 judico.
1006 1725 1174 1769 Graecis
1216 1727 1319 1768 enim
1359 1727 1475 1779 quasi
1504 1726 1736 1780 religiosum
1767 1731 1869 1781 erat,
1908 1726 1959 1769 de
1989 1726 2136 1770 sabulis
2164 1728 2381 1781 antiquitus
2409 1725 2562 1770 traditis
2592 1728 2681 1770 sine

474 1811 599 1842 causa
630 1800 849 1854 quidquam
879 1803 1043 1841 mutare.
1117 1799 1329 1852 Euripides
1365 1803 1498 1842 autem
1534 1799 1842 1856 Polyphemum,
1891 1805 1934 1842 ιιι
1964 1800 2057 1841 mihi
2096 1799 2268 1856 videtur,
2309 1799 2402 1841 ideo
2449 1804 2680 1845 venatorem

474 1876 601 1929 linxit,
653 1879 711 1929 ut,
761 1885 883 1928 quum
921 1876 1108 1916 venatum
1144 1874 1300 1928 ivisset,
1351 1872 1487 1915 Sileno
1519 1878 1559 1915 et
1587 1873 1695 1915 Ulixi
1725 1874 1776 1916 ad
1805 1874 2112 1928 colloquendum
2142 1879 2298 1928 tempus
2329 1874 2510 1929 daretur,
2557 1878 2680 1928 utque

474 1949 585 1990 illum
616 1953 848 1989 venatorem
879 1947 1098 2001 dominum,
1129 1947 1299 1998 Satyros
1330 1949 1466 2001 gregis
1496 1954 1684 2001 pastores
1713 1959 1856 1991 servos
1884 1958 1978 1990 esse
2008 1951 2234 2002 appareret.
2285 1948 2339 1989 At
2368 1948 2557 2002 colloquii
2572 1951 2678 1991 tem-

475 2034 553 2075 pus
584 2024 638 2064 ita
673 2024 792 2063 etiam
823 2021 929 2063 effici
958 2022 1100 2075 potuit,
1151 2025 1194 2062 ut
1223 2021 1494 2075 Polyphemus
1524 2032 1612 2062 oum
1643 2021 1819 2076 Satyris,
1860 2022 1996 2063 Sileno
2035 2021 2193 2063 domum
2224 2020 2489 2075 custodiente,
2530 2031 2678 2076 greges

473 2102 661 2150 pasceret
692 2101 732 2137 et
761 2096 922 2137 ultimus
953 2094 1006 2136 ad
1034 2105 1199 2149 specum
1230 2094 1388 2136 rediret.
1439 2095 1519 2148 Ipsi
1549 2099 1678 2136 autem
1709 2096 1910 2149 principes
1941 2096 2226 2148 antiquissimis
2256 2094 2502 2148 temporibus
2531 2105 2680 2149 greges

471 2181 641 2225 pascere
671 2170 871 2212 solebant.
918 2170 967 2210 ct.
998 2169 1039 2209 Π.
1070 2160 1114 2223 ε’,
1146 2169 1254 2223 3¹33
1284 2159 1333 2223 ζ’,
1363 2169 1469 2222 424;
1501 2161 1548 2223 λ’,
1583 2170 1657 2211 101
1693 2180 1781 2222 squ.
1813 2161 1862 2223 v',
1896 2169 1990 2212 188.
2065 2169 2152 2211 Hoc
2189 2172 2329 2211 contra
2364 2169 2571 2222 aptissime
2598 2179 2678 2211 ex-

474 2246 689 2298 cogitatum
721 2248 804 2298 est,
845 2244 1042 2297 Silenum,
1089 2242 1155 2283 ubi
1187 2242 1326 2284 Ulixes
1357 2242 1408 2284 ab
1440 2253 1489 2284 eo
1520 2242 1583 2285 lac
1614 2247 1652 2284 et
1683 2253 1833 2290 caseosv
1857 2243 2062 2296 poposcit,
2110 2253 2183 2296 pro
2214 2241 2280 2283 his
2308 2252 2448 2284 aurum
2477 2241 2678 2295 flagitar03

474 2329 592 2372 quum
622 2329 721 2359 vero
752 2317 962 2370 audiverit,
995 2316 1150 2358 Ulixem
1181 2316 1311 2359 vinum
1343 2316 1382 2357 in
1412 2319 1500 2358 utre
1530 2326 1669 2358 secum
1700 2315 1817 2369 serre,
1849 2326 1945 2368 prae
1967 2314 2115 2369 gaudio
2136 2315 2219 2357 sere
2242 2326 2321 2358 non
2342 2319 2565 2369 compotem
2585 2326 2678 2358 esse

475 2394 602 2434 animi.
663 2390 820 2441 Quanta
853 2391 1022 2444 denique
1054 2401 1144 2432 cum
1176 2389 1378 2442 voluptate
1407 2390 1541 2430 vinum
1571 2388 1684 2430 bibiti
1717 2387 1819 2436 Quin
1851 2390 1970 2430 etiam
2000 2390 2085 2431 auri
2112 2391 2218 2442 pacti
2239 2388 2495 2432 obliviscitur.
2524 2401 2560 2431 v.
2584 2390 2678 2432 161.

475 2467 637 2507 Miretur
668 2466 840 2507 sortasse
872 2465 1033 2517 aliquis,
1075 2462 1184 2516 quod
1214 2467 1252 2503 et
1282 2462 1444 2503 Silenus
1475 2460 1537 2516 (v.
1572 2460 1681 2516 138)
1711 2466 1852 2515 poscat
1882 2466 1922 2503 et
1950 2460 2182 2517 Ulixes'(v.
2217 2461 2327 2517 160)
2359 2463 2394 2503 ei
2428 2462 2571 2503 offerat
2597 2472 2678 2503 au-

475 2550 582 2593 rum,
612 2540 725 2580 cuius
755 2540 794 2580 in
824 2538 901 2580 hoc
931 2548 1064 2580 rerum
1094 2540 1201 2578 statu
1232 2535 1365 2577 nullus
1395 2547 1492 2577 usus
1524 2534 1660 2576 Sileno
1692 2546 1783 2576 esse
1815 2536 1951 2588 possit.
2003 2534 2117 2585 Quae
2148 2540 2280 2578 tamen
2309 2546 2376 2578 res
2412 2540 2575 2578 naturae
2606 2535 2677 2579 Si-

475 2613 554 2655 leni
584 2612 699 2655 valde
732 2615 933 2667 convenit,
965 2612 1033 2665 qui
1064 2611 1212 2652 levium
1243 2614 1363 2663 atque
1394 2609 1775 2652 inconsideratorum
1808 2610 2009 2652 homiuum
2040 2621 2150 2653 more
2181 2622 2247 2652 res
2277 2612 2388 2664 ipsas
2416 2611 2567 2665 cupiat,
2597 2621 2676 2652 non

476 2689 591 2728 anxie
622 2698 839 2741 quaerens,
884 2697 977 2728 num
1009 2687 1059 2727 iis
1089 2686 1145 2726 uti
1176 2684 1320 2737 possit,
1365 2694 1501 2725 necne.
1561 2684 1621 2725 Ex
1652 2697 1687 2725 v.
1714 2684 1803 2737 ἴ1ιί0
1833 2685 1919 2726 iure
1950 2683 2053 2726 effici
2082 2696 2206 2738 posse
2248 2684 2418 2739 videtur,
2467 2686 2507 2726 in
2546 2684 2677 2727 insula

476 2760 695 2813 Cyclopum
728 2762 859 2802 vitium
891 2760 1087 2802 culturam
1117 2759 1293 2810 ignotam
1326 2757 1468 2809 suisse;
1499 2758 1613 2799 aliter
1641 2769 1688 2801 se
1718 2769 1784 2800 res
1814 2758 1933 2801 habet
1952 2757 2059 2811 apud
2081 2758 2307 2801 Homerum.
2344 2758 2391 2800 cs.
2414 2755 2486 2800 Od.
2506 2749 2547 2812 ι’,
2583 2758 2675 2812 110,

478 2836 572 2888 tit,
607 2834 700 2876 138.
760 2833 840 2875 Sed
872 2835 911 2876 in
944 2833 1022 2875 hac
1051 2831 1186 2874 sabula
1220 2829 1396 2884 Cyclops
1426 2832 1517 2873 vino
1547 2842 1691 2874 carens
1719 2838 1831 2875 recte
1861 2832 2036 2887 lingitur,
2068 2844 2149 2886 quo
2178 2833 2340 2886 gravior
2360 2832 2595 2884 Satyrorum
2626 2832 2677 2873 sit

472 2908 659 2948 servitus.
721 2906 765 2948 ln
795 2905 983 2959 Odyssea
1012 2903 1154 2947 Ulixes
1185 2903 1294 2958 dicit,
1335 2914 1381 2946 se
1418 2904 1550 2946 vinum
1587 2916 1702 2947 suum
1739 2917 1764 2947 a
1800 2905 1983 2959 Marone,
2033 2904 2113 2947 filio
2141 2905 2335 2948 Euanthis
2365 2905 2591 2957 accepisse,
2636 2904 2675 2945 in

472 2980 548 3022 hac
578 2978 715 3022 rabula
747 2989 772 3019 a
800 2978 983 3031 Marone,
1013 2976 1161 3020 Bacchi
1190 2976 1268 3018 filio
1298 2988 1332 3018 v.
1361 2963 1468 3029 ’143;
1510 2975 1616 3030 quod
1650 2981 1742 3030 apte
1782 2982 1971 3021 mutatum
2004 2988 2097 3021 esse
2135 2977 2274 3031 credo,
2317 2980 2532 3030 propterea
2568 2974 2675 3029 quod

475 3051 617 3107 Sileni,
649 3050 889 3095 educatoris.
910 3054 949 3092 et
979 3049 1118 3093 altoris
1148 3049 1300 3093 Bacchi

939 3114 1022 3179 (ὂν
1052 3119 1282 3178 ἐξέθρεψα
1311 3125 1411 3171 ταῖς
1439 3115 1569 3178 δ’ἐγώ
1600 3117 1694 3165 ποτ’
1727 3116 1949 3178 ἀγκάλαις.
1983 3136 2017 3168 v.
2051 3123 2161 3179 142]

474 3209 523 3238 eo
551 3200 675 3238 maior
706 3202 769 3239 est
799 3196 849 3238 de
880 3197 974 3237 vino
1003 3196 1169 3237 laetitia.

589 3271 767 3326 SilenuS‚
799 3272 1032 3325 priusquam
1064 3272 1166 3313 intro
1197 3268 1280 3313 abit
1309 3268 1361 3312 ad
1399 3279 1543 3313 caseos
1574 3274 1613 3314 et
1647 3280 1796 3324 pecora
1827 3269 2050 3326 efferenda,
2080 3270 2172 3314 vino
2202 3268 2467 3326 incalescens,
2497 3268 2672 3313 nonnul-

468 3346 530 3386 las
563 3353 685 3385 voces
716 3344 813 3399 edit,
845 3354 950 3398 quae
981 3345 1243 3387 temeritatem
1274 3348 1394 3397 atque
1425 3342 1630 3387 libidinem
1660 3345 1823 3398 spirant
1859 3343 2088 3399 Euripides,
2118 3344 2158 3386 in
2188 3344 2332 3387 ceteris
2361 3343 2520 3399 quidem
2549 3341 2671 3386 rebus
