3005 4043
1269 340 1442 376 *meet
1501 332 1543 376 9
1599 341 1774 377 Sestu—

426 454 649 508 proteum
684 464 740 495 se
783 454 887 495 enim
933 454 1086 508 timere,
1132 465 1185 496 ue
1224 454 1458 498 verberibus
1487 455 1708 498 mulcentur
1732 465 1863 509 neque
1894 453 2139 497 dentessibi
2170 452 2376 496 elidantur.
2435 452 2617 495 Perbene

426 529 587 580 ignavia
624 531 744 580 atque
778 527 966 568 timiditas
996 537 1133 569 eorum
1163 538 1223 569 eo,
1241 530 1413 571 maxime
1442 534 1637 583 tempore,
1668 539 1748 582 quo
1782 528 1924 570 Ulixes
1955 533 1994 568 et
2023 538 2069 568 se
2101 533 2140 567 et
2170 538 2242 567 eos
2271 526 2515 567 liberaturus
2544 530 2616 580 est,

426 606 609 656 apparet;
640 602 797 651 omuino
828 601 929 643 haec
948 600 1119 644 conditio
1137 601 1267 646 Ulixis
1285 607 1326 646 et
1344 602 1598 658 Satyrorum,
1630 613 1751 657 quum
1770 602 1907 645 fabula
1926 602 2102 655 satyrica
2124 611 2174 642 eo
2195 602 2284 655 ipso
2305 599 2517 642 maximam
2538 600 2617 642 vim

425 677 466 718 in
495 680 744 730 spectatores
773 681 979 732 exerceat,
1010 676 1116 730 quod
1145 677 1266 720 heros
1294 677 1438 731 aliquis
1466 682 1505 720 et
1534 678 1646 721 leves
1676 676 1889 732 ignavique
1912 677 2046 729 Satyri
2082 687 2131 718 eo
2163 680 2341 729 ternpore
2371 685 2453 717 una
2483 678 2617 727 agunt,

425 761 507 805 quo
532 750 646 794 salus
676 752 765 805 ipsa
791 752 833 793 in
859 750 1071 794 discrimen
1100 756 1283 808 vocatur,
1312 762 1338 794 a
1366 756 1486 806 poeta
1514 752 1681 795 feliciter
1712 757 1775 795 est
1802 751 2049 795 adumbrata.
2121 751 2309 793 Attamen
2330 748 2471 803 ‹Satyri
2500 753 2618 791 cantu

424 825 580 879 magico
611 823 778 881 Orphei,
809 836 889 879 quo
920 827 1002 868 titio
1034 836 1109 867 sua
1138 830 1282 879 sponte
1311 827 1357 879 in,
1379 826 1538 885 oculum
1569 825 1758 881 Cyclopis
1787 832 2068 881 penetraturus
2097 836 2269 880 eumque
2298 826 2350 867 sit
2380 822 2617 866 combustu-

424 910 516 954 rus,
542 897 699 943 Ulixem
729 899 917 942 adiuvare
947 900 1095 942 volunt.
1153 899 1198 942 Id
1227 904 1358 942 autem
1388 911 1549 943 carmen
1578 900 1681 943 bene
1711 913 1736 943 a
1765 906 1886 955 poeta
1913 902 2136 943 nominatur
2166 899 2394 954 Orphicum.
2425 896 2615 952 Orpheus

424 974 526 1015 euim
556 973 711 1014 cithara
740 979 778 1015 et
807 979 925 1015 cantu
955 983 1035 1015 non
1064 973 1193 1015 solum
1223 972 1389 1015 arbores
1420 978 1459 1015 et
1498 985 1599 1015 saxa
1643 984 1781 1016 secum
1811 976 1997 1028 traxisse,
2043 974 2117 1016 sed
2150 975 2269 1015 etiam
2312 973 2426 1026 Argo
2457 981 2612 1025 navem,

424 1055 527 1099 quae
557 1045 649 1088 loco
680 1048 829 1088 moveri
859 1056 939 1088 non
968 1049 1143 1099 poterat,
1172 1046 1213 1087 in
1241 1055 1352 1088 mare
1381 1045 1598 1088 deduxisse
1629 1046 1781 1088 dicitur.

538 1117 713 1162 Tandem
743 1118 883 1162 Ulixes
913 1118 1120 1161 consilium
1152 1119 1269 1174 capit,
1318 1118 1465 1162 auxilio
1496 1120 1693 1162 sociorum
1724 1128 1885 1162 suorum
1916 1120 1988 1174 uti,
2033 1120 2177 1174 quibus
2207 1120 2482 1163 adhortatione
2511 1119 2607 1161 ani-

422 1203 510 1237 mos
540 1191 691 1236 addere
721 1193 891 1245 Satyros
920 1191 1040 1235 iubet.
1109 1191 1192 1235 Sed
1220 1202 1366 1246 magno
1410 1202 1534 1246 opere
1564 1194 1701 1246 miror,
1746 1193 1866 1235 sociis
1912 1193 2039 1235 Ulixis
2070 1195 2109 1235 in
2139 1193 2338 1247 prioribus
2368 1194 2498 1236 scenis
2528 1203 2607 1235 non

422 1265 551 1319 solum
580 1265 712 1310 nullas
740 1271 877 1321 partes
907 1276 999 1309 esse
1030 1263 1217 1321 tributas,
1247 1263 1330 1321 sed,
1349 1264 1434 1309 fere
1464 1277 1514 1308 ne
1543 1266 1781 1309 mentionem
1811 1263 1969 1320 quidem
1999 1278 2135 1309 eorum
2165 1266 2321 1308 factam.
2382 1263 2471 1315 Qua
2498 1266 2537 1308 in
2565 1278 2608 1309 re

421 1343 580 1396 poetam
610 1350 802 1395 peccasse
834 1340 913 1382 iam
944 1349 993 1382 eo
1023 1342 1150 1395 patet,
1181 1337 1289 1394 quod
1314 1337 1628 1395 spectatoribuS,
1657 1339 1851 1382 memoria
1871 1349 2008 1382 eorum
2029 1339 2105 1383 hoc
2135 1339 2298 1383 consilio
2326 1339 2454 1384 Ulixis
2474 1344 2609 1395 aperte

421 1416 655 1471 instaurata,
685 1416 915 1457 necessario
945 1418 1031 1456 erat
1059 1412 1348 1470 quaerendum,
1379 1413 1474 1469 quid
1503 1424 1631 1469 usque
1663 1413 1714 1456 ad
1744 1413 1785 1457 id
1815 1419 1971 1470 tempus
2001 1415 2219 1458 fecissent?

537 1489 599 1532 Ex
628 1501 665 1532 v.
695 1489 781 1531 478
811 1494 851 1531 et
879 1489 975 1531 479.

1139 1555 1226 1617 ἐγώ
1259 1559 1342 1618 γὰρ
1372 1555 1534 1618 ἄνδρας
1591 1556 1821 1607 ἀπολιπών
1851 1561 2010 1620 φίλους

1030 1630 1138 1684 τούς
1166 1633 1288 1678 ἔνδον
1318 1630 1447 1685 ὄντας
1477 1630 1527 1679 οὗ
1555 1629 1694 1690 μόνος
1724 1632 2004 1693 σωθήσομαι.

423 1713 539 1767 sequi
568 1710 738 1766 videtur,
769 1722 841 1767 eos
870 1721 943 1764 per
971 1714 1092 1753 totam
1123 1711 1317 1753 actionem
1347 1711 1496 1754 inertes
1526 1710 1590 1754 vel
1620 1710 1880 1767 trepidantes,
1912 1714 2027 1766 gregi
2055 1712 2276 1756 timidarum
2297 1714 2428 1756 ovium
2449 1711 2612 1767 similes,

423 1787 461 1826 in
501 1797 626 1839 specu
662 1783 853 1837 Cyclopis
889 1783 1069 1838 latuisse,
1108 1784 1288 1837 quamvis
1322 1785 1403 1825 vita
1441 1795 1577 1825 eorum
1620 1784 1879 1839 periclitetur,
1923 1797 2025 1839 quae
2056 1792 2186 1828 tamen
2216 1797 2283 1828 res
2314 1797 2404 1827 cum
2436 1786 2610 1827 humana

423 1865 567 1900 natura
590 1860 747 1898 minime
780 1859 971 1910 congruit.

539 1933 642 1973 Dum
671 1932 805 1983 Satyri
834 1932 1009 1972 carmine
1034 1932 1187 1971 animos
1217 1931 1417 1971 sociorum
1447 1941 1596 1984 augere
1626 1931 1801 1985 student,
1846 1932 1886 1972 hi
1916 1937 2020 1973 torre
2052 1936 2202 1975 intruso
2232 1934 2388 1975 oculum
2421 1933 2614 1985 Cyclopis

425 2010 603 2047 exurunt
655 2003 781 2053 Quem
813 2015 931 2057 quum
964 2003 1135 2045 caviliati
1165 2007 1255 2044 sunt
1284 2003 1435 2057 Satyri,
1466 2002 1573 2056 quod
1602 2015 1625 2044 a
1656 2003 1821 2045 Nemine
1851 2006 1900 2046 sit
1929 2005 2128 2059 foedatus,
2159 2006 2317 2048 tandem
2349 2006 2399 2048 ab
2420 2006 2539 2048 Ulixe
2571 2016 2617 2047 se

426 2083 684 2123 excaecatum
714 2089 807 2121 esse
838 2078 1039 2131 comperit.
1104 2077 1238 2129 Satyri
1269 2076 1427 2129 quidem
1459 2075 1625 2130 Cyclopi
1653 2077 1780 2119 facete
1810 2077 1998 2132 illudunt,
2045 2078 2118 2121 sed
2161 2090 2361 2132 quemque
2391 2091 2441 2121 eo
2472 2078 2618 2121 offendi

426 2150 611 2206 arbitror,
656 2150 763 2205 quod
794 2150 984 2205 Cyclops,
1030 2161 1149 2204 quem
1166 2149 1406 2204 «ingentibus
1437 2149 1639 2193 doloribus
1670 2155 1788 2204 atque
1819 2151 1953 2194 surore
1985 2153 2201 2195 cruciatum
2236 2154 2393 2195 saevire
2424 2157 2486 2196 est
2517 2163 2617 2195 con-

425 2229 680 2279 sentaneum,
710 2235 800 2267 oum
828 2225 950 2267 choro
980 2224 1221 2278 colloquium
1251 2224 1301 2266 de
1333 2224 1498 2266 Nemine
1529 2226 1737 2266 committit.
1797 2223 1954 2273 Quanto
1983 2227 2117 2268 verius
2146 2226 2345 2268 Homerus

916 2295 1179 2355 σμερδαλέον
1208 2295 1256 2340 δὲ
1286 2290 1574 2355 μέγ’ᾦμωξεν·
1604 2296 1700 2354 περὶ
1731 2290 1870 2351 δ”ἱαχε
1900 2296 2048 2356 πέτρη.

917 2366 1044 2430 ἡμεῖς
1073 2371 1121 2416 δὲ
1153 2370 1375 2423 δείσαντες
1403 2365 1687 2428 ἀπεσσύμεθ’,
1717 2365 1855 2431 αὐτὰρ
1888 2367 1911 2416 ὁ
1943 2365 2107 2428 μόχλον

918 2440 1081 2503 ἑξέροσ’
1113 2440 1387 2503 ὀφθαλμοῖο,
1417 2447 1690 2504 πεφυρμένον
1719 2444 1874 2502 αἵματι
1904 2447 2063 2503 πολλῷ.

427 2522 526 2566 Tum
558 2521 751 2576 Cyclops:
796 2520 872 2566 sibi
901 2527 1032 2565 vatem
1063 2523 1274 2579 cecinisse,
1319 2523 1490 2566 futurum
1521 2534 1628 2579 esse,
1671 2528 1712 2566 ut
1740 2525 1827 2577 ipse
1858 2523 2016 2577 quidem
2047 2523 2097 2565 ab
2128 2522 2246 2566 Ulixe
2278 2524 2396 2567 oculo
2426 2525 2614 2579 privetur,

426 2594 501 2638 sed
529 2594 670 2638 Ulixes
701 2595 767 2638 diu
797 2597 836 2638 in
866 2596 1043 2639 maribus
1073 2598 1250 2639 iactetur.
1310 2596 1428 2651 Apud
1458 2597 1671 2640 Homerum
1704 2597 1878 2651 Cyclops
1908 2597 2130 2651 Neptunum
2162 2602 2315 2651 patrem
2349 2597 2547 2653 obsecrat,
2578 2602 2622 2640 ut

427 2667 566 2711 Ulixes
596 2673 664 2710 aut
693 2680 892 2723 nunquam
925 2674 1008 2723 aut,
1056 2669 1122 2711 diu
1153 2681 1177 2711 a
1206 2672 1338 2724 patria
1368 2675 1560 2725 retentus,
1607 2670 1761 2712 demum
1802 2675 1893 2724 post
1925 2681 2062 2712 omnes
2094 2672 2227 2712 socios
2258 2672 2429 2712 amissos
2460 2670 2620 2713 domurn

426 2733 658 2783 revertatur.
706 2741 813 2784 Iusta
844 2748 974 2784 autem
1007 2742 1055 2783 de
1088 2753 1210 2784 causa
1242 2743 1450 2797 Euripides
1482 2743 1531 2785 de
1560 2742 1695 2784 sabula
1718 2743 1930 2784 Homerica
1952 2742 1991 2784 id
2012 2743 2065 2784 ita
2086 2745 2266 2797 mutavit,
2296 2748 2354 2798 ut,
2385 2754 2490 2797 quae
2512 2744 2621 2798 apud

427 2813 641 2856 Homerum
674 2813 849 2868 Cyclops
878 2815 1101 2869 Neptunum
1131 2821 1334 2871 precatur,
1366 2827 1414 2857 ea
1442 2817 1519 2857 iam
1549 2821 1662 2858 vates
1693 2815 1906 2869 praedicat.
1955 2816 2056 2858 Nam
2087 2818 2122 2858 si
2153 2817 2229 2858 hac
2259 2819 2299 2858 in
2329 2828 2374 2859 re
2403 2818 2620 2861 Homerum

428 2892 630 2929 auctorem
669 2893 831 2929 secutus
873 2894 1002 2944 esset,
1047 2894 1292 2941 spectatores
1330 2890 1612 2943 nescivissent,
1658 2900 1750 2930 num
1787 2900 1930 2942 preces
1963 2889 2152 2943 Cyclopis
2182 2896 2294 2932 ratae
2325 2892 2456 2934 forent
2484 2903 2620 2944 necne,

429 2959 470 3004 id
506 2959 614 3015 quod
651 2960 847 3017 Homerus
887 2966 1029 3015 postea
1069 2960 1184 3004 nobis
1229 2960 1392 3004 uberius
1422 2966 1571 3004 narnat.
1632 2959 1759 3011 Quum
1791 2966 1923 3005 autem
1952 2973 2032 3005 una
2062 2974 2158 3016 pars
2189 2963 2355 3018 oraculi,
2403 2962 2616 3017 Cyclopem

430 3043 593 3078 caecum
623 3033 813 3077 redditum
843 3035 907 3087 iri,
942 3036 1089 3078 exitum
1119 3033 1321 3088 habuerit,
1353 3036 1614 3078 certissimum
1646 3039 1722 3089 est,
1754 3035 1919 3079 alteram
1950 3037 2067 3079 etiam
2097 3041 2251 3089 partem
2281 3038 2427 3080 exitum
2457 3036 2617 3079 habitu-

429 3117 516 3149 ram
547 3117 650 3149 esse.
709 3107 912 3150 Postremo
944 3107 1082 3151 Ulixes
1113 3119 1203 3151 cum
1233 3109 1355 3151 sociis
1386 3108 1620 3162 Satyrisque
1651 3120 1753 3152 nave
1784 3098 2006 3152 conscensa
2035 3110 2230 3165 avehitur,
2261 3110 2355 3152 nihil
2376 3110 2619 3152 fortunarum

432 3180 621 3233 Cyclopis
650 3193 787 3224 secum
816 3194 940 3234 agens
968 3182 1032 3224 vel
1062 3183 1214 3234 ferens3
1244 3182 1352 3235 apud
1381 3183 1596 3225 Homerum
1626 3195 1790 3236 gregem
1821 3186 1907 3225 eius
1939 3184 1990 3225 ad
2019 3196 2161 3225 navem
2191 3184 2408 3236 compellit,
2443 3182 2483 3225 id
2511 3182 2619 3234 quod

431 3256 571 3298 Ulixes
602 3257 857 3312 Euripideus,
902 3271 1022 3310 quum
1050 3259 1154 3299 same
1185 3258 1346 3299 coactus
1375 3258 1428 3299 ad
1456 3259 1626 3300 insulam
1658 3258 1877 3311 Cyclopum
1908 3260 2145 3311 appulisset,
2175 3260 2295 3300 multo
2325 3260 2455 3310 magis
2485 3259 2619 3299 facere

435 3329 616 3374 debebat

547 3404 629 3448 Iam
665 3416 762 3449 vero
798 3406 965 3460 singulis
1000 3404 1142 3460 rebus,
1191 3409 1376 3459 quantum
1419 3410 1663 3461 poteramus,
1710 3405 1917 3460 diligenter
1948 3410 2066 3459 atque
2099 3410 2285 3449 accurate
2316 3405 2549 3460 ponderatis
2581 3411 2620 3448 et

2197 3481 2221 3523 2
