3005 4043
1288 298 1486 347 'mma
1542 301 1846 349 lemae*

478 421 703 464 inscribitur
751 419 1065 476 „observations
1101 434 1173 465 sur
1204 421 1419 478 l’Odyssee
1448 424 1684 468 d‘Homere“
1716 437 1754 480 p.
1791 426 1875 468 152
1914 424 1967 468 ad
2001 425 2107 468 hunc
2141 426 2274 469 locum
2313 428 2417 471 hanc
2449 428 2675 473 adnotatio-

476 506 567 539 nem
602 495 810 539 adscribit:
849 495 1115 550 „Spondanus
1153 497 1325 540 disserte
1359 501 1616 552 longuement
1662 512 1766 553 pour
1792 511 1966 554 prouver
1997 500 2213 554 qu’Ulysse
2240 504 2437 556 punissait
2464 503 2557 546 bien
2585 503 2676 560 plus

475 568 515 613 le
547 567 726 624 Cyclope
761 583 811 612 en
840 570 880 612 le
919 573 1078 625 privant
1114 572 1163 614 de
1193 574 1233 614 la
1275 586 1352 616 vue
1384 576 1502 628 qn‘en
1545 576 1600 616 lui
1632 575 1807 621 donnant
1839 574 1880 615 la
1915 579 2027 615 mort.
2086 574 2239 615 Barnes
2274 576 2446 618 observe
2475 577 2680 620 tres-bien

478 656 557 698 que
592 644 632 686 la
659 643 853 687 veritable
889 648 1006 688 motii*
1028 647 1216 700 d'Ulysse
1245 659 1347 700 pour
1378 660 1429 690 ne
1460 660 1535 702 pas
1570 653 1656 690 tuer
1683 649 1723 689 le
1758 647 1960 701 Cyclope,
1995 646 2093 688 c’est
2128 657 2230 701 que,
2264 647 2395 689 meme
2429 660 2530 692 avec
2558 650 2675 693 l’aide

478 717 528 762 de
559 728 628 762 ses
647 729 942 775 compagnons,
971 720 999 763 il
1033 720 1201 764 n’aurait
1235 733 1310 774 pas
1341 734 1396 775 pu
1429 722 1617 764 soulever
1651 722 1692 763 la
1721 723 1854 775 pierre
1876 723 1944 775 qui
1975 721 2134 761 sermait
2164 721 2329 762 l’eutree
2360 722 2411 763 de
2433 723 2474 765 la
2493 715 2676 782 saverne,

477 804 631 836 comme
659 793 698 836 le
734 793 790 836 dit
810 793 961 847 Ulysse
995 794 1331 837 immediatement
1363 795 1483 851 apres
1510 810 1547 838 v.
1570 797 1751 839 304—5.
1788 794 2043 851 ,Cependant
2076 795 2103 837 11
2130 806 2160 848 y
2190 805 2215 837 a
2234 795 2328 837 bien
2358 796 2532 853 quelque
2551 799 2676 843 chose

479 867 502 910 a
536 866 621 910 dire
650 867 674 910 a
709 872 794 910 tout
822 881 869 911 ce
904 869 1021 922 recit;
1057 875 1117 923 et,
1151 872 1322 922 puisque
1359 872 1398 911 le
1429 871 1608 923 Cyclope
1648 877 1710 912 est
1746 881 1863 911 assez
1898 872 1975 910 fort
2009 880 2111 922 pour
2140 870 2303 910 enlever
2343 870 2539 913 aisement
2571 878 2676 916 cette

479 939 642 984 enorme
676 942 809 995 pierre
842 954 920 996 que
956 942 1159 995 plusieurs
1187 942 1369 985 hommes
1397 944 1535 986 reunis
1579 956 1631 987 ne
1660 946 1875 999 pouvaient
1917 943 2114 997 deranger
2146 942 2276 985 meme
2310 954 2364 985 au
2392 954 2539 998 moyen
2585 946 2676 989 d’un

477 1014 622 1069 levior,
669 1020 865 1057 comment
893 1026 939 1057 se
969 1009 1190 1057 laisse—t-il
1226 1017 1420 1070 aveugler
1462 1028 1558 1059 sans
1597 1028 1644 1060 se
1677 1017 1893 1072 defendre,
1928 1027 2025 1060 sans
2060 1016 2223 1060 etendre
2252 1016 2304 1059 de
2334 1006 2425 1061 tous
2456 1018 2571 1062 cotes
2606 1031 2675 1063 ses

476 1087 571 1130 bras
601 1090 842 1143 viguorem,
892 1093 931 1130 et
961 1093 1100 1131 mettre
1136 1099 1188 1131 en
1227 1090 1323 1132 suite
1350 1100 1420 1132 ces
1450 1091 1630 1134 hommes
1665 1091 1809 1134 saibles
1840 1092 1907 1146 qui
1941 1095 2106 1146 percent
2139 1090 2459 1146 tranquillemeut
2491 1103 2565 1135 son
2596 1094 2675 1136 oeil

476 1173 575 1203 avec
605 1173 657 1203 un
689 1164 783 1217 pieu
811 1162 986 1218 briilant,
1014 1174 1168 1206 comme
1204 1175 1257 1207 un
1285 1164 1455 1207 charron
1479 1176 1602 1219 perce
1625 1176 1704 1207 une
1736 1170 1877 1220 poutre
1905 1176 2005 1208 avec
2031 1176 2084 1208 uu
2117 1165 2397 1220 vilebrequin‘?
2426 1166 2575 1210 Toutes
2605 1179 2675 1211 ces

473 1237 696 1279 inventions
732 1236 936 1293 bizarres,
973 1237 1197 1293 exagerees
1240 1250 1315 1294 par
1354 1239 1394 1282 la
1428 1238 1620 1282 credulita
1655 1238 1728 1283 des
1771 1239 1958 1295 peuples,
1996 1238 2182 1283 n'etaient
2210 1252 2285 1295 pas
2320 1241 2501 1294 touJours
2528 1232 2675 1295 pesees

472 1323 524 1353 au
565 1311 682 1365 poids
728 1311 777 1353 de
821 1312 861 1354 18
899 1314 1035 1355 181508
1083 1317 1122 1355 81
1160 1312 1210 1355 de
1245 1314 1285 1355 la
1326 1312 1680 1357 vraisemblance.“
1756 1313 1961 1357 Posterior
1997 1325 2093 1368 pars
2129 1314 2246 1358 huius
2284 1313 2551 1358 adnotationis
2595 1328 2674 1359 non

472 1387 607 1439 magni
642 1390 704 1428 est
729 1388 926 1428 momenti.
988 1386 1066 1436 Qui
1100 1389 1202 1429 enim
1230 1387 1421 1443 Cyclops,
1455 1399 1575 1442 quum
1606 1389 1697 1431 vino
1730 1392 1768 1430 et
1802 1398 1941 1431 somno
1973 1389 2025 1430 sit
2062 1389 2178 1442 quasi
2211 1388 2411 1445 sepultus,
2445 1389 2497 1431 ab
2526 1391 2673 1432 iniuria

473 1470 518 1501 se
546 1458 769 1512 defendere,
796 1462 953 1514 possit?
984 1461 1062 1503 Ubi
1093 1466 1175 1504 tota
1208 1472 1297 1517 res,
1333 1473 1437 1516 quae
1468 1466 1655 1516 punctum
1689 1466 1838 1504 tantum
1865 1464 2057 1516 temporis
2086 1461 2261 1520 tenebat,
2290 1463 2468 1519 perfecta
2498 1468 2576 1520 est,
2607 1466 2674 1507 in-

473 1533 657 1586 gentibus
700 1534 906 1577 doloribus
941 1536 1117 1588 Cyclops
1157 1546 1208 1577 ex
1249 1547 1391 1577 somno
1430 1538 1636 1577 excitatur.
1694 1535 2057 1590 Dugas-Montbel
2097 1536 2205 1590 quod
2244 1538 2473 1592 imaginem,
2513 1537 2565 1580 ab
2601 1548 2673 1581 ar-

473 1608 688 1650 chitectura
730 1612 889 1651 navium
930 1615 1120 1665 sumtam,
1171 1622 1355 1663 premere
1396 1609 1572 1665 videtur,
1622 1609 1662 1651 id
1705 1620 1785 1651 non
1821 1609 1937 1664 vidit,
1978 1610 2193 1651 Homerum
2232 1610 2312 1653 hac
2344 1605 2518 1666 imagine
2558 1623 2675 1655 usum

474 1693 565 1723 esse
610 1694 689 1723 non
734 1683 786 1724 ad
831 1686 1003 1736 spatium
1045 1687 1253 1739 temporis,
1294 1685 1369 1725 sed
1413 1685 1466 1726 ad
1503 1686 1695 1725 rationem
1735 1684 2057 1738 significandam,
2102 1695 2184 1739 qua
2218 1684 2336 1747 palus
2375 1684 2521 1728 ardens
2556 1685 2674 1729 oculo

474 1755 664 1810 Cyclopis
712 1759 763 1800 sit
802 1759 989 1801 intrusus.
1063 1760 1216 1801 Nomen
1262 1760 1394 1800 fictum
1445 1761 1624 1800 Neminis
1637 1792 1647 1812 ,
1697 1760 1805 1810 quod
1849 1760 1991 1799 Ulixes
2035 1759 2087 1798 ad
2135 1759 2352 1810 Cyclopem
2398 1759 2674 1813 decipiendum

473 1826 550 1874 Sibi
589 1829 792 1886 imposuit,
842 1832 882 1875 in
924 1829 1061 1875 sabula
1096 1832 1311 1876 Homerica
1358 1835 1520 1875 maximi
1567 1838 1628 1875 est
1674 1834 1872 1874 momenti.
1930 1832 2071 1874 Ulixes
2118 1835 2222 1872 enim
2268 1839 2425 1873 ceteros
2476 1834 2674 1886 Cyclopes

473 1901 722 1958 Polyphemo
769 1903 970 1962 clamanti,
1016 1916 1136 1961 quum
1182 1905 1299 1950 oculo
1345 1907 1523 1961 privatus
1569 1910 1699 1961 esset,
1742 1905 1931 1949 auxilium
1975 1904 2128 1948 laturos
2172 1917 2265 1947 esse
2310 1906 2426 1948 facile
2472 1907 2671 1949 divinavit.

474 1975 591 2028 Quod
628 1977 694 2022 ubi
729 1990 774 2022 re
808 1990 907 2023 vera
942 1980 1088 2024 factum
1129 1985 1209 2036 est,
1246 1993 1366 2035 quum
1402 1980 1620 2035 Cyclopem
1656 1992 1680 2023 a
1714 1979 1880 2023 Nemine
1912 1980 2066 2022 laesum
2096 1991 2188 2022 esse
2232 1983 2511 2035 compererint,
2559 1993 2673 2024 suam

473 2052 645 2107 quisque
697 2052 855 2096 domum
900 2056 1120 2099 revertitur.
1193 2054 1305 2105 Quae
1356 2068 1423 2098 res
1475 2067 1594 2109 quum
1643 2056 1698 2096 ita
1748 2066 1793 2096 se
1843 2053 2056 2108 haberent,
2106 2053 2354 2107 Polyphemo
2397 2056 2494 2097 nihil
2538 2056 2673 2097 facere

470 2127 651 2169 relictum
698 2133 808 2183 erat,
852 2130 929 2171 nisi
975 2128 1034 2184 id,
1074 2129 1181 2184 quod
1226 2130 1436 2172 facientem
1476 2130 1673 2172 Homerus
1720 2140 1810 2171 eum
1856 2127 2017 2181 inducit;
2068 2129 2211 2170 ostium
2253 2129 2356 2169 enim
2393 2128 2587 2181 custodit,
2630 2134 2671 2170 ut

470 2200 671 2257 Graecos,
722 2203 757 2244 si
810 2202 913 2245 sorte
964 2202 1135 2246 evadere
1187 2208 1394 2259 conentur,
1447 2202 1727 2258 deprehendat.
1805 2200 1933 2252 Quam
1983 2200 2035 2244 ob
2085 2212 2170 2244 rem
2222 2201 2363 2244 Ulixes
2412 2203 2547 2244 socios
2596 2200 2672 2244 sub

470 2277 592 2316 ternis
638 2275 831 2318 arietibus
877 2276 1040 2330 alligat,
1094 2276 1171 2318 sibi
1220 2283 1353 2319 autem
1404 2279 1480 2331 ipsi
1529 2287 1648 2319 unum
1697 2286 1868 2329 eumque
1915 2276 2129 2317 maximum
2180 2276 2345 2317 arietem
2396 2274 2531 2329 eligit,
2579 2276 2673 2328 quia

470 2359 585 2390 nemo
631 2349 711 2390 iam
758 2350 975 2404 superfuit,
1021 2351 1088 2403 qui
1133 2360 1221 2391 eum
1270 2350 1345 2392 sub
1391 2349 1515 2392 1111185
1562 2349 1754 2392 arietibus
1802 2349 1998 2402 alligaret.
2071 2348 2128 2390 Ita
2174 2347 2318 2390 Graeci
2362 2360 2385 2389 e
2424 2359 2550 2402 specu
2585 2347 2672 2401 Cy-

471 2422 596 2476 clopis
627 2421 802 2464 evadunt
840 2428 959 2477 atque
992 2428 1212 2466 servantur.
1272 2423 1357 2466 Nos
1394 2423 1575 2478 quidem,
1620 2424 1935 2477 quotiescunque
1966 2421 2068 2464 hanc
2107 2420 2283 2464 fabulam
2319 2421 2506 2476 legimus,
2552 2424 2672 2465 tacito

471 2497 641 2549 quodam
677 2497 824 2551 gaudio
864 2497 1158 2552 afficiebamur,
1210 2484 1370 2551 praeter
1407 2502 1532 2540 artem
1582 2498 1622 2538 in
1662 2508 1710 2538 ea
1746 2497 1916 2550 positam
1967 2494 2008 2537 id
2054 2497 2226 2537 maxime
2271 2496 2482 2550 intuentes,
2525 2499 2672 2549 quanto

470 2581 580 2611 mens
612 2576 651 2612 et
690 2573 890 2624 ingenium
930 2582 1092 2625 semper
1128 2572 1221 2625 plus
1260 2571 1440 2626 valeant,
1493 2582 1611 2624 quam
1642 2572 1824 2624 ingentes
1870 2571 2051 2624 corporis
2090 2571 2213 2625 vires,
2260 2573 2487 2624 quantoque
2518 2571 2671 2614 animus

473 2649 511 2684 et
544 2647 730 2698 patientia
763 2647 938 2688 maiores
973 2648 1050 2689 sint
1082 2645 1269 2688 socordia
1303 2650 1423 2700 atque
1463 2647 1633 2700 ignavia.
1695 2644 1972 2699 Polyphemus
2001 2645 2106 2699 ipse,
2143 2644 2314 2698 agrestis
2350 2649 2515 2687 naturae
2556 2643 2671 2701 tilius,

473 2724 514 2758 ut
552 2721 604 2760 ita
635 2720 783 2774 dicam,
820 2726 956 2774 partes
996 2732 1093 2762 suas
1127 2723 1273 2775 optime
1305 2725 1455 2773 tuetur;
1504 2721 1607 2761 sicut
1650 2719 1813 2761 deorum
1855 2718 2066 2772 negligens
2111 2722 2190 2773 est,
2232 2719 2287 2760 ita
2326 2729 2455 2772 neque
2491 2719 2670 2774 hospites

472 2798 630 2834 sanctos
671 2794 791 2835 habet
821 2806 950 2849 neque
981 2795 1168 2849 precibus
1200 2795 1365 2837 donisve
1395 2796 1595 2849 mitigatur
1633 2793 1805 2847 ideoque
1835 2795 1960 2835 iustas
1996 2802 2148 2845 poenas
2181 2792 2307 2835 solvit.
2369 2791 2449 2835 Sed
2489 2795 2670 2847 quamvis

469 2868 522 2907 sit
550 2866 783 2908 inhumanus
818 2880 865 2909 ac
895 2870 1025 2923 ferox,
1061 2871 1150 2922 quis
1180 2874 1256 2923 est,
1289 2871 1357 2923 qui
1388 2870 1587 2921 colloquio
1623 2870 1709 2909 eius
1745 2878 1835 2908 cum
1865 2867 2008 2920 ariete,
2045 2876 2180 2921 quem,
2217 2877 2335 2920 quum
2366 2868 2479 2919 prius
2511 2876 2671 2922 semper

468 2941 622 2993 primus
660 2943 795 2993 gregis
830 2943 966 2994 fuerit,
1004 2948 1095 2984 tunc
1131 2954 1228 2984 vero
1263 2945 1505 2984 novissimus
1537 2944 1608 2994 sit,
1644 2943 1706 2981 sui
1740 2938 2012 2981 misericordia
2045 2939 2085 2980 id
2116 2950 2238 2993 agere
2276 2945 2413 2994 putat,
2448 2950 2527 2981 uon
2563 2951 2669 2994 quo-

469 3012 559 3055 dam
598 3012 717 3055 modo
759 3016 992 3056 moveatur?
1043 3015 1231 3056 Videmus
1271 3017 1389 3068 igitur
1425 3017 1465 3056 in
1496 3014 1631 3055 sabula
1661 3014 1872 3055 Homerica
1915 3025 2052 3054 omnes
2089 3025 2155 3054 res
2191 3016 2244 3055 ita
2282 3024 2374 3055 esse
2410 3015 2668 3068 excogitatas,

468 3092 507 3129 ut
534 3098 577 3129 re
608 3098 707 3129 vera
738 3088 922 3130 omnibus
956 3091 1131 3131 numeris
1167 3090 1217 3131 sit
1247 3088 1442 3130 absoluta.

583 3161 646 3203 Ad
694 3168 914 3204 extremum
961 3174 1039 3203 non
1083 3174 1266 3216 possum,
1311 3164 1404 3215 quin
1446 3163 1589 3214 Heynii
1633 3161 1816 3202 iudicium
1848 3162 1896 3203 de
1926 3163 2015 3204 loco
2047 3162 2220 3216 quodam
2252 3162 2368 3203 huius
2398 3161 2559 3203 fabulae
2587 3173 2667 3215 ap-

468 3245 624 3287 ponam.
665 3236 733 3277 Vir
764 3238 867 3278 enim
899 3235 1154 3278 doctissimus
1185 3238 1224 3278 in
1255 3249 1426 3278 excursu
1459 3237 1511 3277 16
1543 3235 1594 3277 ad
1624 3237 1722 3277 Aen.
1752 3236 1775 3276 1.
1808 3235 1867 3277 ΙΙΙ.
1898 3237 2005 3278 1118111
2038 3236 2169 3277 locum
2199 3240 2428 3290 pertractat,
2461 3247 2540 3290 quo
2570 3237 2666 3276 Vir-

467 3308 585 3361 gilius
616 3321 733 3351 unum
766 3321 814 3351 ex
847 3311 970 3352 sociis
1002 3309 1131 3352 Ulixis
1162 3311 1397 3352 referentem
1428 3310 1536 3364 lingit
1565 3312 1773 3363 rationem,
1806 3322 1883 3363 qua
1913 3310 2184 3363 Polyphemus
2215 3308 2293 3350 duo
2320 3308 2494 3352 Graecos
2526 3318 2665 3350 come-

470 3381 577 3423 derit.
643 3384 791 3424 Versus
824 3384 977 3437 Virgilii
1008 3384 1045 3425 hi
1076 3390 1176 3425 sunt.
